%% This BibTeX bibliography file was created using BibDesk.
%% http://bibdesk.sourceforge.net/

%% Created for Bria Long at 2018-05-10 16:31:29 -0700 


%% Saved with string encoding Unicode (UTF-8) 



@article{franchak2017see,
	Author = {Franchak, John M and Kretch, Kari S and Adolph, Karen E},
	Date-Added = {2018-05-10 23:31:15 +0000},
	Date-Modified = {2018-05-10 23:31:15 +0000},
	Journal = {Developmental science},
	Publisher = {Wiley Online Library},
	Title = {See and be seen: Infant--caregiver social looking during locomotor free play},
	Year = {2017}}

@article{thurman2017spatial,
	Author = {Thurman, Sabrina L and Corbetta, Daniela},
	Journal = {Developmental psychology},
	Number = {7},
	Pages = {1207},
	Publisher = {American Psychological Association},
	Title = {Spatial exploration and changes in infant--mother dyads around transitions in infant locomotion.},
	Volume = {53},
	Year = {2017}}

@article{yurovsky2013statistical,
	Author = {Yurovsky, Daniel and Smith, Linda B and Yu, Chen},
	Date-Added = {2018-01-31 20:23:17 +0000},
	Date-Modified = {2018-01-31 20:30:35 +0000},
	Journal = {Developmental Science},
	Number = {6},
	Pages = {959-966},
	Title = {Statistical word learning at scale: The baby's view is better},
	Volume = {16},
	Year = {2013}}

@article{frank2014visual,
	Author = {Frank, Michael C and Amso, Dima and Johnson, Scott P},
	Date-Added = {2018-01-24 06:01:18 +0000},
	Date-Modified = {2018-01-24 06:01:18 +0000},
	Journal = {Journal of experimental child psychology},
	Pages = {13--26},
	Publisher = {Elsevier},
	Title = {Visual search and attention to faces during early infancy},
	Volume = {118},
	Year = {2014}}

@article{frank2012measuring,
	Author = {Frank, Michael C and Vul, Edward and Saxe, Rebecca},
	Date-Added = {2018-01-24 05:50:21 +0000},
	Date-Modified = {2018-01-24 05:50:21 +0000},
	Journal = {Infancy},
	Number = {4},
	Pages = {355--375},
	Publisher = {Wiley Online Library},
	Title = {Measuring the Development of Social Attention Using Free-Viewing},
	Volume = {17},
	Year = {2012}}

@article{woodward1998infants,
	Author = {Woodward, Amanda L},
	Date-Added = {2018-01-24 05:33:47 +0000},
	Date-Modified = {2018-01-24 05:33:47 +0000},
	Journal = {Cognition},
	Number = {1},
	Pages = {1--34},
	Publisher = {Elsevier},
	Title = {Infants selectively encode the goal object of an actor's reach},
	Volume = {69},
	Year = {1998}}

@article{gredeback2010development,
	Author = {Gredeb\wrapmf{\"{a}}ck, G. and Fikke, L. and Melinder, A.},
	Date-Added = {2018-01-24 05:15:38 +0000},
	Date-Modified = {2018-01-31 20:27:18 +0000},
	Journal = {Developmental science},
	Number = {6},
	Pages = {839--848},
	Publisher = {Wiley Online Library},
	Title = {The development of joint visual attention: a longitudinal study of gaze following during interactions with mothers and strangers},
	Volume = {13},
	Year = {2010}}

@article{gredeback2008microstructure,
	Author = {Gredeb\wrapmf{\"{a}}ck, Gustaf and Theuring, Carolin and Hauf, Petra and Kenward, Ben},
	Date-Added = {2018-01-24 05:12:59 +0000},
	Date-Modified = {2018-01-31 20:18:44 +0000},
	Journal = {Infancy},
	Number = {5},
	Pages = {533--543},
	Publisher = {Taylor \&amp; Francis},
	Title = {The microstructure of infants' gaze as they view adult shifts in overt attention},
	Volume = {13},
	Year = {2008}}

@article{csibra2009natural,
	Author = {Csibra, Gergely and Gergely, Gy{\"o}rgy},
	Date-Added = {2018-01-24 05:04:14 +0000},
	Date-Modified = {2018-01-24 05:04:14 +0000},
	Journal = {Trends in cognitive sciences},
	Number = {4},
	Pages = {148--153},
	Publisher = {Elsevier},
	Title = {Natural pedagogy},
	Volume = {13},
	Year = {2009}}

@inproceedings{krizhevsky2012imagenet,
	Author = {Krizhevsky, Alex and Sutskever, Ilya and Hinton, Geoffrey E},
	Booktitle = {Advances in neural information processing systems},
	Date-Added = {2018-01-14 18:29:38 +0000},
	Date-Modified = {2018-01-14 18:29:38 +0000},
	Pages = {1097--1105},
	Title = {Imagenet classification with deep convolutional neural networks},
	Year = {2012}}

@article{scheirer2014perceptual,
	Author = {Scheirer, Walter J and Anthony, Samuel E and Nakayama, Ken and Cox, David D},
	Date-Added = {2018-01-14 18:24:52 +0000},
	Date-Modified = {2018-01-14 18:24:52 +0000},
	Journal = {IEEE transactions on pattern analysis and machine intelligence},
	Number = {8},
	Pages = {1679--1686},
	Publisher = {IEEE},
	Title = {Perceptual annotation: Measuring human vision to improve computer vision},
	Volume = {36},
	Year = {2014}}

@article{viola2004robust,
	Author = {Viola, Paul and Jones, Michael J},
	Date-Added = {2018-01-14 18:24:52 +0000},
	Date-Modified = {2018-01-14 18:24:52 +0000},
	Journal = {International journal of computer vision},
	Number = {2},
	Pages = {137--154},
	Publisher = {Springer},
	Title = {Robust real-time face detection},
	Volume = {57},
	Year = {2004}}

@inproceedings{cao2017realtime,
	Author = {Zhe Cao and Tomas Simon and Shih-En Wei and Yaser Sheikh},
	Booktitle = {CVPR},
	Title = {Realtime Multi-Person 2D Pose Estimation using Part Affinity Fields},
	Year = {2017}}

@inproceedings{simon2017hand,
	Author = {Tomas Simon and Hanbyul Joo and Iain Matthews and Yaser Sheikh},
	Booktitle = {CVPR},
	Title = {Hand Keypoint Detection in Single Images using Multiview Bootstrapping},
	Year = {2017}}

@inproceedings{wei2016cpm,
	Author = {Shih-En Wei and Varun Ramakrishna and Takeo Kanade and Yaser Sheikh},
	Booktitle = {CVPR},
	Title = {Convolutional pose machines},
	Year = {2016}}

@article{zhang2016,
	Author = {Zhang, Kaipeng and Zhang, Zhanpeng and Li, Zhifeng and Qiao, Yu},
	Date-Added = {2018-01-14 18:19:36 +0000},
	Date-Modified = {2018-01-14 18:20:17 +0000},
	Journal = {IEEE Signal Processing Letters},
	Number = {10},
	Pages = {1499-1503},
	Title = {Joint face detection and alignment using multitask cascaded convolutional networks},
	Volume = {23},
	Year = {2016}}

@article{cite-key,
	Date-Added = {2018-01-14 18:16:41 +0000},
	Date-Modified = {2018-01-14 18:16:45 +0000},
	Rss-Description = {@article{7553523,
    author={K. Zhang and Z. Zhang and Z. Li and Y. Qiao}, 
    journal={IEEE Signal Processing Letters}, 
    title={Joint Face Detection and Alignment Using Multitask Cascaded Convolutional Networks}, 
    year={2016}, 
    volume={23}, 
    number={10}, 
    pages={1499-1503}, 
    keywords={Benchmark testing;Computer architecture;Convolution;Detectors;Face;Face detection;Training;Cascaded convolutional neural network (CNN);face alignment;face detection}, 
    doi={10.1109/LSP.2016.2603342}, 
    ISSN={1070-9908}, 
    month={Oct}
}}}

@article{kretch2014,
	Author = {Kretch, Kari S and Franchak, John M and Adolph, Karen E},
	Date-Added = {2018-01-14 18:12:37 +0000},
	Date-Modified = {2018-01-14 18:13:12 +0000},
	Journal = {Child development},
	Number = {4},
	Pages = {1503-1518},
	Title = {Crawling and walking infants see the world differently},
	Volume = {85},
	Year = {2014}}

@article{iverson2010,
	Author = {Iverson, Jana M},
	Date-Added = {2018-01-14 18:10:54 +0000},
	Date-Modified = {2018-01-14 18:11:03 +0000},
	Journal = {Journal of child language},
	Number = {2},
	Pages = {229--261},
	Publisher = {Cambridge University Press},
	Title = {Developing language in a developing body: The relationship between motor development and language development},
	Volume = {37},
	Year = {2010}}

@article{karasik2014,
	Author = {Karasik, Lana B and Tamis-LeMonda, Catherine S and Adolph, Karen E},
	Date-Added = {2018-01-14 18:09:40 +0000},
	Date-Modified = {2018-01-14 18:09:56 +0000},
	Journal = {Developmental science},
	Number = {3},
	Pages = {388--395},
	Publisher = {Wiley Online Library},
	Title = {Crawling and walking infants elicit different verbal responses from mothers},
	Volume = {17},
	Year = {2014}}

@inproceedings{bambach2017,
	Author = {Bambach, Sven and Crandall, David J and Smith, Linda B and Yu, Chen},
	Booktitle = {Proceedings of the Seventh Joint IEEE Conference on Development and Learning and on Epigenetic Robotics},
	Date-Added = {2018-01-14 18:04:36 +0000},
	Date-Modified = {2018-01-14 18:11:21 +0000},
	Title = {An egocentric perspective on active vision and visual object learning in toddlers},
	Year = {2017}}

@article{fausey2016,
	Author = {Fausey, Caitlin M and Jayaraman, Swapnaa and Smith, Linda B},
	Date-Added = {2018-01-14 18:03:40 +0000},
	Date-Modified = {2018-01-14 18:11:37 +0000},
	Journal = {Cognition},
	Pages = {101--107},
	Publisher = {Elsevier},
	Title = {From faces to hands: Changing visual input in the first two years},
	Volume = {152},
	Year = {2016}}

@article{clerkin2017,
	Author = {Clerkin, Elizabeth M and Hart, Elizabeth and Rehg, James M and Yu, Chen and Smith, Linda B},
	Date-Added = {2018-01-14 18:03:24 +0000},
	Date-Modified = {2018-01-14 18:09:09 +0000},
	Journal = {Phil. Trans. R. Soc. B},
	Number = {1711},
	Pages = {20160055},
	Publisher = {The Royal Society},
	Title = {Real-world visual statistics and infants' first-learned object names},
	Volume = {372},
	Year = {2017}}

@article{brooks2008,
	Author = {Brooks, Rechele and Meltzoff, Andrew N},
	Date-Added = {2018-01-14 18:02:34 +0000},
	Date-Modified = {2018-01-14 18:08:57 +0000},
	Journal = {Journal of child language},
	Number = {1},
	Pages = {207--220},
	Publisher = {Cambridge University Press},
	Title = {Infant gaze following and pointing predict accelerated vocabulary growth through two years of age: A longitudinal, growth curve modeling study},
	Volume = {35},
	Year = {2008}}

@book{fenson2007,
	Author = {Fenson, Larry and Bates, Elizabeth and Dale, Philip S and Marchman, Virginia A and Reznick, J Steven and Thal, Donna J},
	Date-Added = {2014-10-29 17:35:01 +0000},
	Date-Modified = {2014-10-29 17:35:23 +0000},
	Publisher = {Brookes Publishing Company},
	Title = {MacArthur-Bates Communicative Development Inventories: Users Manual},
	Year = {2007}}

@inproceedings{frank2013,
	Author = {Frank, Michael C and Simmons, Kaia and Yurovsky, Daniel and Pusiol, Guido},
	Booktitle = {Proceedings of the 35th annual meeting of the Cognitive Science Society},
	Date-Added = {2014-10-29 17:30:37 +0000},
	Date-Modified = {2014-10-29 17:30:39 +0000},
	Pages = {454--459},
	Title = {Developmental and postural changes in childrens visual access to faces},
	Year = {2013}}

@article{walle2014,
	Author = {Walle, Eric A and Campos, Joseph J},
	Date-Added = {2014-10-29 17:11:03 +0000},
	Date-Modified = {2014-10-29 17:11:21 +0000},
	Journal = {Developmental psychology},
	Number = {2},
	Pages = {336},
	Publisher = {American Psychological Association},
	Title = {Infant language development is related to the acquisition of walking.},
	Volume = {50},
	Year = {2014}}

@book{tomasello2009,
	Author = {Tomasello, Michael},
	Date-Added = {2014-10-29 17:09:46 +0000},
	Date-Modified = {2014-10-29 17:09:48 +0000},
	Publisher = {Harvard University Press},
	Title = {The cultural origins of human cognition},
	Year = {2009}}

@inproceedings{lucas1981,
	Author = {Lucas, B.D. and Kanade, T.},
	Booktitle = {{Proceedings of the 7th International Joint Conference on Artificial intelligence}},
	Date-Added = {2013-02-02 00:07:54 +0000},
	Date-Modified = {2013-02-02 03:50:22 +0000},
	Title = {An iterative image registration technique with an application to stereo vision},
	Year = {1981}}

@inproceedings{ozuysal2007,
	Author = {Ozuysal, M. and Fua, P. and Lepetit, V.},
	Booktitle = {{Computer Vision and Pattern Recognition}},
	Date-Added = {2013-02-02 00:07:23 +0000},
	Date-Modified = {2013-02-02 02:26:03 +0000},
	Organization = {Ieee},
	Title = {Fast keypoint recognition in ten lines of code},
	Year = {2007}}

@inproceedings{lepetit2005,
	Author = {Lepetit, V. and Lagger, P. and Fua, P.},
	Booktitle = {Computer Vision and Pattern Recognition, 2005. CVPR 2005. IEEE Computer Society Conference on},
	Date-Added = {2013-02-02 00:07:12 +0000},
	Date-Modified = {2013-02-02 00:07:25 +0000},
	Organization = {IEEE},
	Pages = {775--781},
	Title = {Randomized trees for real-time keypoint recognition},
	Volume = {2},
	Year = {2005}}

@inproceedings{kalal2010,
	Author = {Kalal, Z. and Mikolajczyk, K. and Matas, J.},
	Booktitle = {{20th International Conference on Pattern Recognition}},
	Date-Added = {2013-02-01 07:38:48 +0000},
	Date-Modified = {2013-02-02 03:48:52 +0000},
	Organization = {IEEE},
	Pages = {2756--2759},
	Title = {Forward-backward error: Automatic detection of tracking failures},
	Year = {2010}}

@article{yuinpress,
	Author = {Yu, C. and Smith, L. B.},
	Date-Added = {2013-01-28 06:01:23 +0000},
	Date-Modified = {2013-01-28 06:01:44 +0000},
	Journal = {Cognition},
	Title = {Embodied attention and word learning by toddlers},
	Year = {in press}}

@article{yurovsky2012,
	Author = {Yurovsky, D. and Smith, L.B. and Yu, C.},
	Date-Added = {2013-01-28 05:58:32 +0000},
	Date-Modified = {2013-02-01 07:24:00 +0000},
	Journal = {Developmental Science},
	Title = {Statistical Word Learning at Scale: The Baby's View is Better},
	Year = {in press}}

@article{franchak2011,
	Author = {Franchak, John M and Kretch, Kari S and Soska, Kasey C and Adolph, Karen E},
	Date-Modified = {2018-01-30 05:26:33 +0000},
	Journal = {Child development},
	Number = {6},
	Pages = {1738--1750},
	Publisher = {Wiley Online Library},
	Title = {Head-mounted eye tracking: A new method to describe infant looking},
	Volume = {82},
	Year = {2011}}

@article{adolph2006motor,
	Author = {Adolph, Karen E and Berger, Sarah E},
	Journal = {Handbook of child psychology},
	Publisher = {Wiley Online Library},
	Title = {Motor development},
	Year = {2006}}

@techreport{zeedyk2008,
	Address = {London, UK},
	Author = {Zeedyk, M.S.},
	Date-Added = {2013-01-28 05:25:51 +0000},
	Date-Modified = {2013-02-02 00:09:09 +0000},
	Institution = {National Literacy Trust},
	Title = {{What's life in a baby buggy like?: The impact of buggy orientation on parent-infant interaction and infant stress}},
	Year = {2008}}

@article{bril1986,
	Author = {Bril, B. and Sabatier, C.},
	Date-Added = {2013-01-28 05:23:40 +0000},
	Date-Modified = {2013-02-02 03:47:22 +0000},
	Journal = {International Journal of Behavioral Development},
	Number = {4},
	Pages = {439--453},
	Publisher = {Sage Publications},
	Title = {{The cultural context of motor development: Postural manipulations in the daily life of Bambara babies (Mali)}},
	Volume = {9},
	Year = {1986}}

@article{brooks2005,
	Author = {Brooks, R. and Meltzoff, A.N.},
	Date-Added = {2013-01-26 23:14:33 +0000},
	Date-Modified = {2013-01-26 23:14:41 +0000},
	Journal = {Developmental Science},
	Number = {6},
	Pages = {535--543},
	Publisher = {Wiley Online Library},
	Title = {The development of gaze following and its relation to language},
	Volume = {8},
	Year = {2005}}

@article{vaish2011,
	Author = {Vaish, A. and Demir, {\"O}.E. and Baldwin, D.},
	Date-Added = {2013-01-26 23:13:38 +0000},
	Date-Modified = {2013-01-26 23:13:40 +0000},
	Journal = {Social Development},
	Number = {3},
	Pages = {431--449},
	Publisher = {Wiley Online Library},
	Title = {Thirteen-and 18-month-old Infants Recognize When They Need Referential Information},
	Volume = {20},
	Year = {2011}}

@inproceedings{frank2012b,
	Author = {Frank, M. C.},
	Booktitle = {{Proceedings of the 33nd Annual Meeting of the Cognitive Science Society}},
	Date-Added = {2013-01-26 00:05:26 +0000},
	Date-Modified = {2013-01-26 00:05:26 +0000},
	Title = {Measuring children's visual access to social information using face detection},
	Year = {2012}}

@article{adolph2012toward,
	Author = {Adolph, Karen E and Gilmore, Rick O and Freeman, Clinton and Sanderson, Penelope and Millman, David},
	Journal = {Psychological inquiry},
	Number = {3},
	Pages = {244--247},
	Publisher = {Taylor \& Francis},
	Title = {Toward open behavioral science},
	Volume = {23},
	Year = {2012}}

@article{sanderson1994,
	Author = {Sanderson, P. and Scott, J. and Johnston, T. and Mainzer, J. and Watanabe, L. and James, J.},
	Date-Added = {2013-01-25 23:39:48 +0000},
	Date-Modified = {2013-01-25 23:39:50 +0000},
	Journal = {International Journal of Human-Computer Studies},
	Number = {5},
	Pages = {633--681},
	Publisher = {Elsevier},
	Title = {MacSHAPA and the enterprise of exploratory sequential data analysis (ESDA)},
	Volume = {41},
	Year = {1994}}

@article{mayer1988,
	Author = {Mayer, D.L. and Fulton, A.B. and Cummings, M.F.},
	Date-Added = {2013-01-25 22:10:02 +0000},
	Date-Modified = {2013-02-02 03:49:46 +0000},
	Journal = {{Investigative Ophthalmology \& Visual Science}},
	Number = {3},
	Pages = {452--459},
	Publisher = {ARVO},
	Title = {Visual fields of infants assessed with a new perimetric technique.},
	Volume = {29},
	Year = {1988}}

@article{cummings1988,
	Author = {Cummings, M.F. and Van Hof-Van Duin, J. and Mayer, D.L. and Hansen, R.M. and Fulton, A.B.},
	Date-Added = {2013-01-25 22:09:42 +0000},
	Date-Modified = {2013-02-02 03:47:58 +0000},
	Journal = {Behavioural and Brain Research},
	Number = {1},
	Pages = {7--16},
	Publisher = {Elsevier},
	Title = {Visual fields of young children},
	Volume = {29},
	Year = {1988}}

@unpublished{crftoolbox,
	Author = {Mark Schmidt and Kevin Swersky},
	Date-Added = {2012-01-30 04:14:10 +0000},
	Date-Modified = {2012-01-31 05:44:18 +0000},
	Note = {http://www.di.ens.fr/~mschmidt/Software/crfChain.html},
	Title = {{Conditional Random Field Toolbox for Matlab}},
	Year = {2008}}

@inproceedings{lafferty2001,
	Author = {Lafferty, J. D. and McCallum, A. and Pereira, F. C. N.},
	Booktitle = {Proc. Int'l Conf. on Machine Learning (ICML)},
	Date-Added = {2012-01-23 01:48:02 +0000},
	Date-Modified = {2012-01-23 01:48:54 +0000},
	Pages = {282--289},
	Title = {Conditional random fields: Probabilistic models for seg- menting and labeling sequence data.},
	Year = {2001}}

@article{cohn1983,
	Author = {Cohn, J. F. and Tronick, E. Z.},
	Date-Added = {2012-01-23 01:14:34 +0000},
	Date-Modified = {2012-01-23 01:16:22 +0000},
	Journal = {Child Development},
	Pages = {185--193},
	Title = {Three-month-old infants' reaction to simulated maternal depression},
	Volume = {54},
	Year = {1983}}

@article{baldwin1991,
	Author = {Baldwin, D.A.},
	Date-Added = {2012-01-22 23:05:39 +0000},
	Date-Modified = {2012-01-22 23:05:41 +0000},
	Journal = {Child Development},
	Pages = {875--890},
	Publisher = {University of Chicago Press},
	Title = {{Infants'contribution to the achievement of joint reference}},
	Year = {1991}}

@article{amso2005,
	Author = {Amso, D. and Johnson, S.P.},
	Date-Added = {2012-01-22 23:03:31 +0000},
	Date-Modified = {2012-01-22 23:03:31 +0000},
	Journal = {Cognition},
	Number = {2},
	Pages = {27--36},
	Publisher = {Elsevier},
	Title = {Selection and inhibition in infancy: Evidence from the spatial negative priming paradigm},
	Volume = {95},
	Year = {2005}}

@article{amso2006,
	Author = {Amso, D. and Johnson, S.P.},
	Date-Added = {2012-01-22 23:03:31 +0000},
	Date-Modified = {2012-01-22 23:03:31 +0000},
	Journal = {Developmental psychology},
	Number = {6},
	Pages = {1236--1245},
	Publisher = {[Washington] American Psychological Association.},
	Title = {Learning by selection: Visual search and object perception in young infants},
	Volume = {42},
	Year = {2006}}

@article{amso2008,
	Author = {Amso, D. and Johnson, S.P.},
	Date-Added = {2012-01-22 23:03:31 +0000},
	Date-Modified = {2012-01-22 23:03:31 +0000},
	Journal = {Infancy: the official journal of the International Society on Infant Studies},
	Number = {6},
	Pages = {675},
	Publisher = {NIH Public Access},
	Title = {Development of visual selection in 3-to 9-month-olds: Evidence from saccades to previously ignored locations},
	Volume = {13},
	Year = {2008}}

@article{aschersleben2008,
	Author = {Aschersleben, G. and Hofer, T. and Jovanovic, B.},
	Date-Added = {2012-01-22 23:03:31 +0000},
	Date-Modified = {2012-01-22 23:03:31 +0000},
	Journal = {Developmental Science},
	Pages = {862--868},
	Publisher = {Blackwell Publishing},
	Title = {The link between infant attention to goal-directed action and later theory of mind abilities},
	Volume = {11},
	Year = {2008}}

@article{aslin2009,
	Author = {Aslin, R.N.},
	Date-Added = {2012-01-22 23:03:31 +0000},
	Date-Modified = {2012-01-22 23:03:31 +0000},
	Journal = {Optometry \& Vision Science},
	Pages = {561},
	Title = {How infants view natural scenes gathered from a head-mounted camera},
	Volume = {86},
	Year = {2009}}

@book{baayen2008,
	Address = {Cambridge, UK},
	Author = {Baayen, R.H.},
	Date-Added = {2012-01-22 23:03:31 +0000},
	Date-Modified = {2012-01-22 23:03:31 +0000},
	Publisher = {Cambridge University Press},
	Title = {{Analyzing linguistic data: A practical introduction to statistics using R}},
	Year = {2008}}

@misc{babye,
	Author = {{Walt Disney Productions}},
	Date-Added = {2012-01-22 23:03:31 +0000},
	Date-Modified = {2012-01-22 23:03:31 +0000},
	Howpublished = {DVD series.},
	Title = {{Baby Einstein}},
	Year = {2002}}

@article{bahrick2000,
	Author = {Bahrick, L.E. and Lickliter, R.},
	Date-Added = {2012-01-22 23:03:31 +0000},
	Date-Modified = {2012-01-22 23:03:31 +0000},
	Journal = {Developmental Psychology},
	Pages = {190--201},
	Publisher = {[Washington] American Psychological Association.},
	Title = {Intersensory redundancy guides attentional selectivity and perceptual learning in infancy},
	Volume = {36},
	Year = {2000}}

@article{bahrick2004,
	Author = {Bahrick, L.E. and Lickliter, R. and Flom, R.},
	Date-Added = {2012-01-22 23:03:31 +0000},
	Date-Modified = {2012-01-22 23:03:31 +0000},
	Journal = {Current Directions in Psychological Science},
	Pages = {99--102},
	Title = {Intersensory redundancy guides the development of selective attention, perception, and cognition in infancy},
	Volume = {13},
	Year = {2004}}

@article{blais2008,
	Author = {Blais, C. and Jack, R.E. and Scheepers, C. and Fiset, D. and Caldara, R.},
	Date-Added = {2012-01-22 23:03:31 +0000},
	Date-Modified = {2012-01-22 23:03:31 +0000},
	Journal = {PLoS ONE},
	Number = {8},
	Publisher = {Public Library of Science},
	Title = {Culture shapes how we look at faces},
	Volume = {3},
	Year = {2008}}

@article{brandone2009,
	Author = {Brandone, A.C. and Wellman, H.M.},
	Date-Added = {2012-01-22 23:03:31 +0000},
	Date-Modified = {2012-01-22 23:03:31 +0000},
	Journal = {Psychological Science},
	Pages = {85--91},
	Publisher = {Blackwell Publishing},
	Title = {You Can't Always Get What You Want: Infants Understand Failed Goal-Directed Actions},
	Volume = {20},
	Year = {2009}}

@article{butcher1999,
	Author = {Butcher, P.R. and Kalverboer, A.F. and Geuze, R.H.},
	Date-Added = {2012-01-22 23:03:31 +0000},
	Date-Modified = {2012-01-22 23:03:31 +0000},
	Journal = {Infant Behavior and Development},
	Pages = {303--319},
	Publisher = {Elsevier},
	Title = {Inhibition of return in very young infants: A longitudinal study},
	Volume = {22},
	Year = {1999}}

@article{butcher2000,
	Author = {Butcher, P.R. and Kalverboer, A.F. and Geuze, R.H.},
	Date-Added = {2012-01-22 23:03:31 +0000},
	Date-Modified = {2012-01-22 23:03:31 +0000},
	Journal = {Infant Behavior and Development},
	Pages = {3--21},
	Publisher = {Elsevier},
	Title = {Infants' shifts of gaze from a central to a peripheral stimulus: A longitudinal study of development between 6 and 26 weeks},
	Volume = {23},
	Year = {2000}}

@article{butcher2002,
	Author = {Butcher, P.R. and Kalverboer, A.F. and Geuze, R.H. and Stremmelaar, E.F.},
	Date-Added = {2012-01-22 23:03:31 +0000},
	Date-Modified = {2012-01-22 23:03:31 +0000},
	Journal = {Journal of Experimental Child Psychology},
	Pages = {116--140},
	Publisher = {Elsevier},
	Title = {A longitudinal study of the development of shifts of gaze to a peripheral stimulus in preterm infants with transient periventricular echogenicity},
	Volume = {82},
	Year = {2002}}

@article{cicchino2010,
	Author = {Cicchino, J.B. and Aslin, R.N. and Rakison, D.H.},
	Date-Added = {2012-01-22 23:03:31 +0000},
	Date-Modified = {2012-01-22 23:03:31 +0000},
	Journal = {Cognition},
	Publisher = {Elsevier},
	Title = {Correspondences between what infants see and know about causal and self-propelled motion},
	Year = {2010}}

@misc{cite-key,
	Date-Added = {2012-01-22 23:03:31 +0000},
	Date-Modified = {2012-01-22 23:03:31 +0000},
	Title = {Unable to parse as BibTeX},
	Url = {http://scholar.google.com/scholar.bib?q=info:XemVaEojvf8J:scholar.google.com/&output=citation&hl=en&as_sdt=0,5&ct=citation&cd=5},
	Bdsk-Url-1 = {http://scholar.google.com/scholar.bib?q=info:XemVaEojvf8J:scholar.google.com/&output=citation&hl=en&as_sdt=0,5&ct=citation&cd=5}}

@article{cohen1972,
	Author = {Cohen, L.B.},
	Date-Added = {2012-01-22 23:03:31 +0000},
	Date-Modified = {2012-01-22 23:03:31 +0000},
	Journal = {Child Development},
	Pages = {869--879},
	Publisher = {Blackwell Publishing; Society for Research in Child Development},
	Title = {Attention-getting and attention-holding processes of infant visual preferences},
	Volume = {43},
	Year = {1972}}

@article{csibra1999,
	Author = {Csibra, G. and Gergely, G. and B{\i}ro, S. and Koos, O. and Brockbank, M.},
	Date-Added = {2012-01-22 23:03:31 +0000},
	Date-Modified = {2012-01-22 23:03:31 +0000},
	Journal = {Cognition},
	Pages = {237--267},
	Publisher = {Elsevier},
	Title = {Goal attribution without agency cues: the perception of `pure reason'in infancy},
	Volume = {72},
	Year = {1999}}

@article{meltzoff2007like,
	Author = {Meltzoff, Andrew N},
	Journal = {Developmental science},
	Number = {1},
	Pages = {126--134},
	Publisher = {Wiley Online Library},
	Title = {`Like me': a foundation for social cognition},
	Volume = {10},
	Year = {2007}}

@article{dalton2005,
	Author = {Dalton, K.M. and Nacewicz, B.M. and Johnstone, T. and Schaefer, H.S. and Gernsbacher, M.A. and Goldsmith, HH and Alexander, A.L. and Davidson, R.J.},
	Date-Added = {2012-01-22 23:03:31 +0000},
	Date-Modified = {2012-01-22 23:03:31 +0000},
	Journal = {Nature Neuroscience},
	Pages = {519--526},
	Publisher = {New York, NY: Nature America Inc., c1998-},
	Title = {Gaze fixation and the neural circuitry of face processing in autism},
	Volume = {8},
	Year = {2005}}

@inproceedings{durand2002,
	Author = {Durand, F. and Dorsey, J.},
	Booktitle = {{Proceedings of the 29th Annual Conference on Computer Graphics and Interactive Techniques}},
	Date-Added = {2012-01-22 23:03:31 +0000},
	Date-Modified = {2012-01-22 23:03:31 +0000},
	Organization = {ACM New York, NY, USA},
	Pages = {257--266},
	Title = {Fast bilateral filtering for the display of high-dynamic-range images},
	Year = {2002}}

@article{falckytter2006,
	Author = {Falck-Ytter, T. and Gredeb\"ack, G. and Von Hofsten, C.},
	Date-Added = {2012-01-22 23:03:31 +0000},
	Date-Modified = {2012-01-22 23:03:31 +0000},
	Journal = {Nature neuroscience},
	Number = {7},
	Pages = {878--879},
	Publisher = {Nature Publishing Group},
	Title = {Infants predict other people's action goals},
	Volume = {9},
	Year = {2006}}

@article{farroni2005,
	Author = {Farroni, T. and Johnson, M.H. and Menon, E. and Zulian, L. and Faraguna, D. and Csibra, G.},
	Date-Added = {2012-01-22 23:03:31 +0000},
	Date-Modified = {2012-01-22 23:03:31 +0000},
	Journal = {Proceedings of the National Academy of Sciences of the United States of America},
	Pages = {17245},
	Publisher = {National Acad Sciences},
	Title = {Newborns' preference for face-relevant stimuli: Effects of contrast polarity},
	Volume = {102},
	Year = {2005}}

@article{farroni2002eye,
	Author = {Farroni, Teresa and Csibra, Gergely and Simion, Francesca and Johnson, Mark H},
	Journal = {Proceedings of the National Academy of Sciences},
	Number = {14},
	Pages = {9602--9605},
	Publisher = {National Acad Sciences},
	Title = {Eye contact detection in humans from birth},
	Volume = {99},
	Year = {2002}}

@article{frank2009,
	Author = {Frank, M.C. and Vul, E. and Johnson, S.P.},
	Date-Added = {2012-01-22 23:03:31 +0000},
	Date-Modified = {2012-01-22 23:03:53 +0000},
	Journal = {Cognition},
	Pages = {160--170},
	Publisher = {Elsevier},
	Title = {Development of infants' attention to faces during the first year},
	Volume = {110},
	Year = {2009}}

@inproceedings{frank2010,
	Address = {Baltimore, MD},
	Author = {Frank, M.C. and Vul, E. and Saxe, R. and Johnson, S. P.},
	Booktitle = {{International Conference on Infant Studies}},
	Date-Added = {2012-01-22 23:03:31 +0000},
	Date-Modified = {2012-01-22 23:03:31 +0000},
	Title = {Free-Viewing Eye-Tracking as a Tool For Understanding Infants' Social Attention},
	Year = {2010}}

@book{gelman2007,
	Address = {Cambridge, UK},
	Author = {Gelman, A. and Hill, J.},
	Date-Added = {2012-01-22 23:03:31 +0000},
	Date-Modified = {2012-01-22 23:03:31 +0000},
	Publisher = {Cambridge University Press},
	Title = {Data analysis using regression and multilevel/hierarchical models},
	Year = {2007}}

@article{gergely1995,
	Author = {Gergely, G. and N{\'a}dasdy, Z. and Csibra, G. and B{\'\i}r{\'o}, S.},
	Date-Added = {2012-01-22 23:03:31 +0000},
	Date-Modified = {2012-01-22 23:03:31 +0000},
	Journal = {Cognition},
	Pages = {165--193},
	Publisher = {Elsevier},
	Title = {Taking the intentional stance at 12 months of age},
	Volume = {56},
	Year = {1995}}

@article{gergely2002,
	Author = {Gergely, G. and Bekkering, H. and Kir{\'a}ly, I.},
	Date-Added = {2012-01-22 23:03:31 +0000},
	Date-Modified = {2012-01-22 23:03:31 +0000},
	Journal = {Nature},
	Pages = {755},
	Title = {Rational imitation in preverbal infants},
	Volume = {415},
	Year = {2002}}

@article{gergely2003,
	Author = {Gergely, G. and Csibra, G.},
	Date-Added = {2012-01-22 23:03:31 +0000},
	Date-Modified = {2012-01-22 23:03:31 +0000},
	Journal = {Trends in Cognitive Sciences},
	Pages = {287--292},
	Title = {Teleological reasoning in infancy: the naive theory of rational action},
	Volume = {7},
	Year = {2003}}

@article{gredeback2008,
	Author = {Gredeb\wrapmf{\"{a}}ck, G. and Theuring, C. and Hauf, P. and Kenward, B.},
	Date-Added = {2012-01-22 23:03:31 +0000},
	Date-Modified = {2018-01-31 20:17:56 +0000},
	Journal = {Infancy},
	Number = {5},
	Pages = {533--543},
	Publisher = {Psychology Press},
	Title = {The microstructure of infants' gaze as they view adult shifts in overt attention},
	Volume = {13},
	Year = {2008},
	Bdsk-File-1 = {YnBsaXN0MDDUAQIDBAUGJCVYJHZlcnNpb25YJG9iamVjdHNZJGFyY2hpdmVyVCR0b3ASAAGGoKgHCBMUFRYaIVUkbnVsbNMJCgsMDxJXTlMua2V5c1pOUy5vYmplY3RzViRjbGFzc6INDoACgAOiEBGABIAFgAdccmVsYXRpdmVQYXRoWWFsaWFzRGF0YV8QJi4uLy4uLy4uLy4uL0Rvd25sb2Fkcy9zY2hvbGFyICg2NCkucmlz0hcLGBlXTlMuZGF0YU8RAYwAAAAAAYwAAgAADE1hY2ludG9zaCBIRAAAAAAAAAAAAAAAAAAAANWPEhhIKwAAAAm0+BBzY2hvbGFyICg2NCkucmlzAAAAAAAAAAAAAAAAAAAAAAAAAAAAAAAAAAAAAAAAAAAAAAAAAAAAAAAAAAAAAAABQHru1xDR4gAAAAAAAAAAAAQAAgAACSAAAAAAAAAAAAAAAAAAAAAJRG93bmxvYWRzAAAQAAgAANWPdIgAAAARAAgAANcRNFIAAAABAAwACbT4AAm09QAGabgAAgA5TWFjaW50b3NoIEhEOlVzZXJzOgBicmlhbG9uZzoARG93bmxvYWRzOgBzY2hvbGFyICg2NCkucmlzAAAOACIAEABzAGMAaABvAGwAYQByACAAKAA2ADQAKQAuAHIAaQBzAA8AGgAMAE0AYQBjAGkAbgB0AG8AcwBoACAASABEABIAKVVzZXJzL2JyaWFsb25nL0Rvd25sb2Fkcy9zY2hvbGFyICg2NCkucmlzAAATAAEvAAAVAAIAD///AACABtIbHB0eWiRjbGFzc25hbWVYJGNsYXNzZXNdTlNNdXRhYmxlRGF0YaMdHyBWTlNEYXRhWE5TT2JqZWN00hscIiNcTlNEaWN0aW9uYXJ5oiIgXxAPTlNLZXllZEFyY2hpdmVy0SYnVHJvb3SAAQAIABEAGgAjAC0AMgA3AEAARgBNAFUAYABnAGoAbABuAHEAcwB1AHcAhACOALcAvADEAlQCVgJbAmYCbwJ9AoECiAKRApYCowKmArgCuwLAAAAAAAAAAgEAAAAAAAAAKAAAAAAAAAAAAAAAAAAAAsI=}}

@article{gredeback2009,
	Author = {Gredeb\"ack, G. and Stasiewicz, D. and Falck-Ytter, T. and Rosander, K. and von Hofsten, C.},
	Date-Added = {2012-01-22 23:03:31 +0000},
	Date-Modified = {2012-01-22 23:03:31 +0000},
	Journal = {Developmental psychology},
	Number = {4},
	Pages = {1190},
	Publisher = {American Psychological Association},
	Title = {Action type and goal type modulate goal-directed gaze shifts in 14-month-old infants.},
	Volume = {45},
	Year = {2009}}

@article{gredeback2010,
	Author = {Gredeb\wrapmf{\"{a}}ck, G. and Fikke, L. and Melinder, A.},
	Date-Added = {2012-01-22 23:03:31 +0000},
	Date-Modified = {2018-01-31 20:18:57 +0000},
	Journal = {Developmental Science},
	Title = {The development of joint visual attention: A longitudinal study of gaze following during interactions with mothers and strangers.},
	Url = {http://scholar.google.com/scholar.bib?q=info:pkP9IoPyXJUJ:scholar.google.com/&output=citation&hl=en&as_sdt=20000000000&ct=citation&cd=0},
	Year = {in press},
	Bdsk-Url-1 = {http://scholar.google.com/scholar.bib?q=info:pkP9IoPyXJUJ:scholar.google.com/&output=citation&hl=en&as_sdt=20000000000&ct=citation&cd=0}}

@article{gredeback2010b,
	Author = {Gredeb\"ack, G. and Johnson, S. P. and Von Hofsten, C.},
	Date-Added = {2012-01-22 23:03:31 +0000},
	Date-Modified = {2012-01-22 23:03:31 +0000},
	Journal = {Developmental Neuropsychology},
	Number = {1},
	Pages = {1--19},
	Title = {Eye tracking in Infancy Research},
	Volume = {35},
	Year = {2010}}

@article{haith1977,
	Author = {Haith, M.M. and Bergman, T. and Moore, M.J.},
	Date-Added = {2012-01-22 23:03:31 +0000},
	Date-Modified = {2012-01-22 23:03:31 +0000},
	Journal = {Science},
	Pages = {853--855},
	Title = {Eye contact and face scanning in early infancy.},
	Volume = {198},
	Year = {1977}}

@book{haith1980,
	Address = {Hillsdale, NJ},
	Author = {Haith, M.M.},
	Date-Added = {2012-01-22 23:03:31 +0000},
	Date-Modified = {2012-01-22 23:03:31 +0000},
	Publisher = {Lawrence Erlbaum Associates},
	Title = {Rules that babies look by},
	Year = {1980}}

@article{hamlin2008,
	Author = {Hamlin, J.K. and Hallinan, E.V. and Woodward, A.L.},
	Date-Added = {2012-01-22 23:03:31 +0000},
	Date-Modified = {2012-01-22 23:03:31 +0000},
	Journal = {Developmental Science},
	Pages = {487--494},
	Publisher = {Blackwell Publishing},
	Title = {Do as I do: 7-month-old infants selectively reproduce others' goals},
	Volume = {11},
	Year = {2008}}

@article{hastie2005,
	Author = {Hastie, T. and Tibshirani, R. and Friedman, J. and Franklin, J.},
	Date-Added = {2012-01-22 23:03:31 +0000},
	Date-Modified = {2012-01-22 23:03:31 +0000},
	Journal = {The Mathematical Intelligencer},
	Number = {2},
	Pages = {83--85},
	Publisher = {Springer},
	Title = {The elements of statistical learning: data mining, inference and prediction},
	Volume = {27},
	Year = {2005}}

@article{hershler2005,
	Author = {Hershler, O. and Hochstein, S.},
	Date-Added = {2012-01-22 23:03:31 +0000},
	Date-Modified = {2012-01-22 23:03:31 +0000},
	Journal = {Vision Research},
	Pages = {1707--1724},
	Publisher = {Elsevier},
	Title = {At first sight: A high-level pop out effect for faces},
	Volume = {45},
	Year = {2005}}

@article{holland1977,
	Author = {Holland, P.W. and Welsch, R.E.},
	Date-Added = {2012-01-22 23:03:31 +0000},
	Date-Modified = {2012-01-22 23:03:31 +0000},
	Journal = {Communications in Statistics-Theory and Methods},
	Pages = {813--827},
	Publisher = {Taylor \& Francis},
	Title = {Robust regression using iteratively reweighted least-squares},
	Volume = {6},
	Year = {1977}}

@article{hunnius2004a,
	Author = {Hunnius, S. and Geuze, R.H.},
	Date-Added = {2012-01-22 23:03:31 +0000},
	Date-Modified = {2012-01-22 23:03:31 +0000},
	Journal = {Infancy},
	Pages = {231--255},
	Publisher = {Lawrence Erlbaum Associates, Inc. 10 Industrial Avenue Mahwah, NJ 07430-2262 USA},
	Title = {Developmental changes in visual scanning of dynamic faces and abstract stimuli in infants: A longitudinal study},
	Volume = {6},
	Year = {2004}}

@article{hunnius2004b,
	Author = {Hunnius, S. and Geuze, R.H.},
	Date-Added = {2012-01-22 23:03:31 +0000},
	Date-Modified = {2012-01-22 23:03:31 +0000},
	Journal = {Infant Behavior and Development},
	Pages = {397--416},
	Publisher = {Elsevier},
	Title = {Gaze shifting in infancy: A longitudinal study using dynamic faces and abstract stimuli},
	Volume = {27},
	Year = {2004}}

@article{hunnius2006,
	Author = {Hunnius, S. and Geuze, R.H. and van Geert, P.},
	Date-Added = {2012-01-22 23:03:31 +0000},
	Date-Modified = {2012-01-22 23:03:31 +0000},
	Journal = {Infant Behavior and Development},
	Pages = {108--125},
	Publisher = {Elsevier},
	Title = {Associations between the developmental trajectories of visual scanning and disengagement of attention in infants},
	Volume = {29},
	Year = {2006}}

@article{jack2009,
	Author = {Jack, R.E. and Blais, C. and Scheepers, C. and Schyns, P.G. and Caldara, R.},
	Date-Added = {2012-01-22 23:03:31 +0000},
	Date-Modified = {2012-01-22 23:03:31 +0000},
	Journal = {Current Biology},
	Number = {18},
	Pages = {1543--1548},
	Publisher = {Elsevier},
	Title = {Cultural confusions show that facial expressions are not universal},
	Volume = {19},
	Year = {2009}}

@article{johnson1991,
	Author = {Johnson, M.H. and Dziurawiec, S. and Ellis, H. and Morton, J.},
	Date-Added = {2012-01-22 23:03:31 +0000},
	Date-Modified = {2012-01-22 23:03:31 +0000},
	Journal = {Cognition},
	Pages = {1--19},
	Title = {Newborns' preferential tracking of face-like stimuli and its subsequent decline.},
	Volume = {40},
	Year = {1991}}

@article{kelly2005,
	Author = {Kelly, D.J. and Quinn, P.C. and Slater, A.M. and Lee, K. and Gibson, A. and Smith, M. and Ge, L. and Pascalis, O.},
	Date-Added = {2012-01-22 23:03:31 +0000},
	Date-Modified = {2012-01-22 23:03:31 +0000},
	Journal = {Developmental Science},
	Pages = {F31},
	Publisher = {NIH Public Access},
	Title = {Three-month-olds, but not newborns, prefer own-race faces},
	Volume = {8},
	Year = {2005}}

@article{klin2002,
	Author = {Klin, A. and Jones, W. and Schultz, R. and Volkmar, F. and Cohen, D.},
	Date-Added = {2012-01-22 23:03:31 +0000},
	Date-Modified = {2012-01-22 23:03:31 +0000},
	Journal = {Archives of General Psychiatry},
	Pages = {809},
	Publisher = {Am Med Assoc},
	Title = {Visual fixation patterns during viewing of naturalistic social situations as predictors of social competence in individuals with autism},
	Volume = {59},
	Year = {2002}}

@article{klin2009,
	Author = {Klin, A. and Lin, D.J. and Gorrindo, P. and Ramsay, G. and Jones, W.},
	Date-Added = {2012-01-22 23:03:31 +0000},
	Date-Modified = {2012-01-22 23:03:31 +0000},
	Journal = {Nature},
	Number = {7244},
	Pages = {257--261},
	Publisher = {Nature Publishing Group},
	Title = {Two-year-olds with autism orient to non-social contingencies rather than biological motion},
	Volume = {459},
	Year = {2009}}

@article{lewis2003,
	Author = {Lewis, M.B. and Edmonds, A.J.},
	Date-Added = {2012-01-22 23:03:31 +0000},
	Date-Modified = {2012-01-22 23:03:31 +0000},
	Journal = {Perception},
	Pages = {903--920},
	Publisher = {Citeseer},
	Title = {Face detection: Mapping human performance},
	Volume = {32},
	Year = {2003}}

@article{lewis2005,
	Author = {Lewis, M. and Edmonds, A.},
	Date-Added = {2012-01-22 23:03:31 +0000},
	Date-Modified = {2012-01-22 23:03:31 +0000},
	Journal = {Visual Cognition},
	Pages = {1309--1336},
	Publisher = {Psychology Press, part of the Taylor \& Francis Group},
	Title = {Searching for faces in scrambled scenes},
	Volume = {12},
	Year = {2005}}

@book{mackay2003,
	Address = {Cambridge, UK},
	Author = {MacKay, D. J. C.},
	Date-Added = {2012-01-22 23:03:31 +0000},
	Date-Modified = {2012-01-22 23:03:31 +0000},
	Publisher = {Cambridge University Press},
	Title = {Information theory, inference, and learning algorithms},
	Year = {2003}}

@article{meltzoff1995,
	Author = {Meltzoff, A.N.},
	Date-Added = {2012-01-22 23:03:31 +0000},
	Date-Modified = {2012-01-22 23:03:31 +0000},
	Journal = {Developmental psychology},
	Pages = {838--850},
	Publisher = {[Washington] American Psychological Association.},
	Title = {Understanding the intentions of others: Re-enactment of intended acts by 18-month-old children},
	Volume = {31},
	Year = {1995}}

@article{merin2007,
	Author = {Merin, N. and Young, G.S. and Ozonoff, S. and Rogers, S.J.},
	Date-Added = {2012-01-22 23:03:31 +0000},
	Date-Modified = {2012-01-22 23:03:31 +0000},
	Journal = {Journal of Autism and Developmental Disorders},
	Pages = {108--121},
	Publisher = {Springer},
	Title = {Visual fixation patterns during reciprocal social interaction distinguish a subgroup of 6-month-old infants at-risk for autism from comparison infants},
	Volume = {37},
	Year = {2007}}

@article{morton1991,
	Author = {Morton, J. and Johnson, M.H.},
	Date-Added = {2012-01-22 23:03:31 +0000},
	Date-Modified = {2012-01-22 23:03:31 +0000},
	Journal = {Psychological Review},
	Pages = {164--181},
	Title = {CONSPEC and CONLERN: A two-process theory of infant face recognition},
	Volume = {98},
	Year = {1991}}

@article{nelson2001,
	Author = {Nelson, C. A.},
	Date-Added = {2012-01-22 23:03:31 +0000},
	Date-Modified = {2012-01-22 23:03:31 +0000},
	Journal = {Infant and Child Development},
	Pages = {3--18},
	Title = {The Development and Neural Bases of Face Recognition},
	Volume = {10},
	Year = {2001}}

@article{olineck2005,
	Author = {Olineck, K.M. and Poulin-Dubois, D.},
	Date-Added = {2012-01-22 23:03:31 +0000},
	Date-Modified = {2012-01-22 23:03:31 +0000},
	Journal = {Infancy},
	Pages = {91--100},
	Publisher = {Lawrence Earlbaum},
	Title = {Infants' ability to distinguish between intentional and accidental actions and its relation to internal state language},
	Volume = {8},
	Year = {2005}}

@article{olineck2007,
	Author = {Olineck, K.M. and Poulin-Dubois, D.},
	Date-Added = {2012-01-22 23:03:31 +0000},
	Date-Modified = {2012-01-22 23:03:31 +0000},
	Journal = {European Journal of Developmental Psychology},
	Pages = {14--30},
	Publisher = {Psychology Press},
	Title = {Imitation of intentional actions and internal state language in infancy predict preschool theory of mind skills},
	Volume = {4},
	Year = {2007}}

@article{osterling1994,
	Author = {Osterling, J. and Dawson, G.},
	Date-Added = {2012-01-22 23:03:31 +0000},
	Date-Modified = {2012-01-22 23:03:31 +0000},
	Journal = {Journal of Autism and Developmental Disorders},
	Pages = {247--257},
	Publisher = {Springer},
	Title = {Early recognition of children with autism: A study of first birthday home videotapes},
	Volume = {24},
	Year = {1994}}

@article{pascalis1998,
	Author = {Pascalis, O. and De Haan, M. and Nelson, C.A. and De Schonen, S.},
	Date-Added = {2012-01-22 23:03:31 +0000},
	Date-Modified = {2012-01-22 23:03:31 +0000},
	Journal = {Journal of Experimental Psychology: Learning, Memory, and Cognition},
	Pages = {249--260},
	Publisher = {APA AMERICAN PSYCHOLOGICAL ASSOCIATION},
	Title = {Long-term recognition memory for faces assessed by visual paired comparison in 3-and 6-month-old infants},
	Volume = {24},
	Year = {1998}}

@article{pascalis2002,
	Author = {Pascalis, O. and de Haan, M. and Nelson, C.A.},
	Date-Added = {2012-01-22 23:03:31 +0000},
	Date-Modified = {2012-01-22 23:03:31 +0000},
	Journal = {Science},
	Pages = {1321},
	Publisher = {AAAS},
	Title = {Is face processing species-specific during the first year of life?},
	Volume = {296},
	Year = {2002}}

@article{pascalis2005,
	Author = {Pascalis, O. and Scott, LS and Kelly, DJ and Shannon, RW and Nicholson, E. and Coleman, M. and Nelson, CA},
	Date-Added = {2012-01-22 23:03:31 +0000},
	Date-Modified = {2012-01-22 23:03:31 +0000},
	Journal = {Proceedings of the National Academy of Sciences},
	Pages = {5297},
	Publisher = {National Acad Sciences},
	Title = {Plasticity of face processing in infancy},
	Volume = {102},
	Year = {2005}}

@article{quinn2002,
	Author = {Quinn, P.C. and Yahr, J. and Kuhn, A. and Slater, A.M. and Pascalis, O.},
	Date-Added = {2012-01-22 23:03:31 +0000},
	Date-Modified = {2012-01-22 23:03:31 +0000},
	Journal = {Perception},
	Pages = {1109--1122},
	Title = {Representation of the gender of human faces by infants: A preference for female},
	Volume = {31},
	Year = {2002}}

@article{scaife1975,
	Author = {Scaife, M. and Bruner, J.S.},
	Date-Added = {2012-01-22 23:03:31 +0000},
	Date-Modified = {2013-02-02 03:49:31 +0000},
	Journal = {Nature},
	Pages = {265-266},
	Publisher = {Nature Publishing Group},
	Title = {The capacity for joint visual attention in the infant.},
	Volume = {253},
	Year = {1975}}

@article{senju2008,
	Author = {Senju, A. and Csibra, G.},
	Date-Added = {2012-01-22 23:03:31 +0000},
	Date-Modified = {2012-01-22 23:03:31 +0000},
	Journal = {Current Biology},
	Number = {9},
	Pages = {668--671},
	Publisher = {Elsevier},
	Title = {Gaze following in human infants depends on communicative signals},
	Volume = {18},
	Year = {2008}}

@article{simion2001,
	Author = {Simion, F. and Cassia, V.M. and Turati, C. and Valenza, E.},
	Date-Added = {2012-01-22 23:03:31 +0000},
	Date-Modified = {2012-01-22 23:03:31 +0000},
	Journal = {Infant and Child Development},
	Pages = {59--65},
	Title = {The origins of face perception: Specific versus non-specific mechanisms},
	Volume = {10},
	Year = {2001}}

@article{team2005,
	Author = {{R Development Core Team}},
	Date-Added = {2012-01-22 23:03:31 +0000},
	Date-Modified = {2012-01-22 23:03:31 +0000},
	Journal = {Foundation for Statistical Computing, Vienna, Austria},
	Title = {R: A language and environment for statistical computing},
	Year = {2005}}

@article{triesch2006,
	Author = {Triesch, J. and Teuscher, C. and De{\'a}k, G.O. and Carlson, E.},
	Date-Added = {2012-01-22 23:03:31 +0000},
	Date-Modified = {2012-01-22 23:03:31 +0000},
	Journal = {Developmental Science},
	Pages = {125},
	Publisher = {BLACKWELL PUBLISHERS},
	Title = {Gaze following: why (not) learn it?},
	Volume = {9},
	Year = {2006}}

@article{van-braeckel2007,
	Author = {Van Braeckel, K. and Butcher, P.R. and Geuze, R.H. and Stremmelaar, E.F. and Bouma, A.},
	Date-Added = {2012-01-22 23:03:31 +0000},
	Date-Modified = {2012-01-22 23:03:31 +0000},
	Journal = {Human Movement Science},
	Pages = {927--942},
	Publisher = {Elsevier},
	Title = {Movement adaptations in 7-to 10-year-old typically developing children: Evidence for a transition in feedback-based motor control},
	Volume = {26},
	Year = {2007}}

@article{vanrullen2006,
	Author = {VanRullen, R.},
	Date-Added = {2012-01-22 23:03:31 +0000},
	Date-Modified = {2012-01-22 23:03:31 +0000},
	Journal = {Vision Research},
	Pages = {3017--3027},
	Publisher = {Elsevier},
	Title = {On second glance: Still no high-level pop-out effect for faces},
	Volume = {46},
	Year = {2006}}

@article{vonhofsten2005,
	Author = {Hofsten, C. and Dahlstr\"om, E. and Fredriksson, Y.},
	Date-Added = {2012-01-22 23:03:31 +0000},
	Date-Modified = {2012-01-22 23:03:31 +0000},
	Journal = {Infancy},
	Number = {3},
	Pages = {217--231},
	Publisher = {Wiley Online Library},
	Title = {12-Month-Old Infants' Perception of Attention Direction in Static Video Images},
	Volume = {8},
	Year = {2005}}

@article{wellman2004,
	Author = {Wellman, H.M. and Phillips, A.T. and Dunphy-Lelii, S. and LaLonde, N.},
	Date-Added = {2012-01-22 23:03:31 +0000},
	Date-Modified = {2012-01-22 23:03:31 +0000},
	Journal = {Developmental Science},
	Pages = {283--288},
	Title = {Infant social attention predicts preschool social cognition},
	Volume = {7},
	Year = {2004}}

@article{wellman2008,
	Author = {Wellman, H.M. and Lopez-Duran, S. and LaBounty, J. and Hamilton, B.},
	Date-Added = {2012-01-22 23:03:31 +0000},
	Date-Modified = {2012-01-22 23:03:31 +0000},
	Journal = {Developmental Psychology},
	Pages = {618},
	Publisher = {[Washington] American Psychological Association.},
	Title = {Infant attention to intentional action predicts preschool theory of mind},
	Volume = {44},
	Year = {2008}}

@article{wolfe1998,
	Author = {Wolfe, J.M.},
	Date-Added = {2012-01-22 23:03:31 +0000},
	Date-Modified = {2012-01-22 23:03:31 +0000},
	Journal = {Attention},
	Pages = {13--73},
	Title = {Visual search},
	Year = {1998}}

@article{woodward1998,
	Author = {Woodward, A.L.},
	Date-Added = {2012-01-22 23:03:31 +0000},
	Date-Modified = {2012-01-22 23:03:31 +0000},
	Journal = {Cognition},
	Pages = {1--34},
	Publisher = {Elsevier},
	Title = {Infants selectively encode the goal object of an actor's reach},
	Volume = {69},
	Year = {1998}}

@article{yoon2008,
	Author = {Yoon, J. and Johnson, M.H. and Csibra, G.},
	Date-Added = {2012-01-22 23:03:31 +0000},
	Date-Modified = {2012-01-22 23:03:32 +0000},
	Journal = {Proceedings of the National Academy of Sciences},
	Pages = {13690},
	Publisher = {National Acad Sciences},
	Title = {Communication-induced memory biases in preverbal infants},
	Volume = {105},
	Year = {2008}}

@article{yoshida2008,
	Author = {Yoshida, H. and Smith, L.B.},
	Date-Added = {2012-01-22 23:03:31 +0000},
	Date-Modified = {2012-01-22 23:03:32 +0000},
	Journal = {Infancy},
	Pages = {229--248},
	Publisher = {Psychology Press},
	Title = {What's in View for Toddlers? Using a Head Camera to Study Visual Experience},
	Volume = {13},
	Year = {2008}}

@book{aitchison2003,
	Address = {Oxford, UK},
	Author = {Aitchison, J.},
	Date-Added = {2012-01-22 23:02:42 +0000},
	Date-Modified = {2012-01-22 23:02:42 +0000},
	Publisher = {Blackwell},
	Title = {Words in the mind: An introduction to the mental lexicon},
	Year = {2003}}

@article{akhtar1996,
	Author = {Akhtar, N. and Carpenter, M. and Tomasello, M.},
	Date-Added = {2012-01-22 23:02:42 +0000},
	Date-Modified = {2012-01-22 23:02:42 +0000},
	Journal = {Child Development},
	Pages = {635-645},
	Publisher = {Blackwell Publishers},
	Title = {The role of discourse novelty in early word learning},
	Url = {http://books.google.com/books?hl=en&lr=&id=Y6JP8AUjWnoC&oi=fnd&pg=PA276&dq=joint+attention+word+learning&ots=xqnBGUB53C&sig=zygIlIru3J2w6NJMuml8UyXg_kg},
	Volume = {67},
	Year = {1996},
	Bdsk-Url-1 = {http://books.google.com/books?hl=en&lr=&id=Y6JP8AUjWnoC&oi=fnd&pg=PA276&dq=joint+attention+word+learning&ots=xqnBGUB53C&sig=zygIlIru3J2w6NJMuml8UyXg_kg}}

@article{albright2003,
	Author = {Albright, A. and Hayes, B.},
	Date-Added = {2012-01-22 23:02:42 +0000},
	Date-Modified = {2012-01-22 23:02:42 +0000},
	Journal = {Cognition},
	Number = {2},
	Pages = {119-161},
	Title = {Rules vs. analogy in English past tenses: a computational/experimental study},
	Volume = {90},
	Year = {2003}}

@article{alishahi2008,
	Author = {Alishahi, A. and Stevenson, S.},
	Date-Added = {2012-01-22 23:02:42 +0000},
	Date-Modified = {2012-01-22 23:02:42 +0000},
	Journal = {Cognitive science},
	Number = {5},
	Pages = {789--834},
	Publisher = {Wiley Online Library},
	Title = {A computational model of early argument structure acquisition},
	Volume = {32},
	Year = {2008}}

@article{alishahi2009,
	Author = {Alishahi, A. and Stevenson, S.},
	Date-Added = {2012-01-22 23:02:42 +0000},
	Date-Modified = {2012-01-22 23:02:42 +0000},
	Journal = {Language and Cognitive Processes},
	Number = {1},
	Pages = {1--44},
	Publisher = {Psychology Press},
	Title = {A computational model of learning semantic roles from child-directed language},
	Volume = {99999},
	Year = {2009}}

@article{anderson1990,
	Author = {Anderson, J. R. and Schooler, L. J.},
	Date-Added = {2012-01-22 23:02:42 +0000},
	Date-Modified = {2012-01-22 23:02:42 +0000},
	Journal = {Psychological Science},
	Number = {6},
	Pages = {396--408},
	Title = {Reflections of the environment in memory},
	Volume = {2},
	Year = {1990}}

@article{arunachalaminpress,
	Author = {Arunachalam, S. and Waxman, S.R},
	Date-Added = {2012-01-22 23:02:42 +0000},
	Date-Modified = {2012-01-22 23:02:42 +0000},
	Journal = {Cognition},
	Title = {Meaning from syntax: Evidence from 2-year-olds},
	Year = {in press}}

@article{aslin1998,
	Author = {Aslin, R. N. and Saffran, J. R. and Newport, E. L.},
	Date-Added = {2012-01-22 23:02:42 +0000},
	Date-Modified = {2012-01-22 23:02:42 +0000},
	Journal = {Psychological Science},
	Number = {4},
	Pages = {321-324},
	Title = {Computation of Conditional Probability Statistics by 8-Month-Old Infants},
	Volume = {9},
	Year = {1998}}

@incollection{aslin2008,
	Author = {Aslin, R.N. and Newport, E.L.},
	Booktitle = {Infant pathways to language: methods, models, and research directions},
	Date-Added = {2012-01-22 23:02:42 +0000},
	Date-Modified = {2012-01-22 23:02:42 +0000},
	Editor = {Colombo, J. A. and McCardle, P. and Freund, J.},
	Publisher = {Lawrence Erlbaum},
	Title = {What statistical learning can and can't tell us about language acquisition},
	Year = {2008}}

@book{augustine397,
	Address = {New York, NY},
	Author = {{St. Augustine}},
	Date-Added = {2012-01-22 23:02:42 +0000},
	Date-Modified = {2012-01-22 23:02:42 +0000},
	Publisher = {Clarendon Press},
	Title = {{The Confessions of St. Augustine}},
	Year = {397/1963}}

@article{baldwin1993,
	Author = {Baldwin, D.A.},
	Date-Added = {2012-01-22 23:02:42 +0000},
	Date-Modified = {2012-01-22 23:02:42 +0000},
	Journal = {Developmental Psychology},
	Number = {5},
	Pages = {832--843},
	Title = {Early referential understanding: Infants' ability to recognize referential acts for what they are.},
	Volume = {29},
	Year = {1993}}

@article{baldwin1993b,
	Author = {Baldwin, D.A.},
	Date-Added = {2012-01-22 23:02:42 +0000},
	Date-Modified = {2012-01-22 23:02:42 +0000},
	Journal = {Journal of Child Language},
	Pages = {395--395},
	Title = {Infants' ability to consult the speaker for clues to word reference},
	Volume = {20},
	Year = {1993}}

@article{bannard2009,
	Author = {Bannard, C. and Lieven, E. and Tomasello, M.},
	Date-Added = {2012-01-22 23:02:42 +0000},
	Date-Modified = {2012-01-22 23:02:42 +0000},
	Journal = {Proceedings of the National Academy of Sciences},
	Number = {41},
	Pages = {17284},
	Publisher = {National Acad Sciences},
	Title = {Modeling children's early grammatical knowledge},
	Volume = {106},
	Year = {2009}}

@article{baron-cohen1997,
	Author = {Baron-Cohen, S. and Baldwin, D.A. and Crowson, M.},
	Date-Added = {2012-01-22 23:02:42 +0000},
	Date-Modified = {2012-01-22 23:02:42 +0000},
	Journal = {Child Development},
	Pages = {48--57},
	Publisher = {University of Chicago Press},
	Title = {Do children with autism use the speaker's direction of gaze strategy to crack the code of language?},
	Year = {1997}}

@article{bartlett1978,
	Author = {Bartlett, E.J.},
	Date-Added = {2012-01-22 23:02:42 +0000},
	Date-Modified = {2012-01-22 23:02:42 +0000},
	Journal = {Recent advances in the psychology of language: Language development and mother--child interaction},
	Pages = {89--108},
	Title = {The acquisition of the meaning of color terms: A study of lexical development},
	Year = {1978}}

@article{beckman1994,
	Author = {Beckman, M.E. and Hirschberg, J.},
	Date-Added = {2012-01-22 23:02:42 +0000},
	Date-Modified = {2012-01-22 23:02:42 +0000},
	Journal = {Ohio State University},
	Title = {The ToBI annotation conventions},
	Year = {1994}}

@book{benz2005,
	Author = {Benz, A. and J\"ager, G. and Van Rooij, R.},
	Date-Added = {2012-01-22 23:02:42 +0000},
	Date-Modified = {2012-01-22 23:02:42 +0000},
	Publisher = {Palgrave Macmillan},
	Title = {Game theory and pragmatics},
	Year = {2005}}

@article{berko1958,
	Author = {Berko, J.},
	Date-Added = {2012-01-22 23:02:42 +0000},
	Date-Modified = {2012-01-22 23:02:42 +0000},
	Journal = {Word},
	Pages = {150--177},
	Title = {The child's learning of English morphology},
	Volume = {14},
	Year = {1958}}

@conference{berwick2009,
	Author = {Berwick, R. and Chomsky, N.},
	Booktitle = {{Proceedings of the 30th Annual Conference of the Cognitive Science Society, Washington}},
	Date-Added = {2012-01-22 23:02:42 +0000},
	Date-Modified = {2012-01-22 23:02:42 +0000},
	Title = {{`Poverty of the stimulus' revisited: Recent challenges reconsidered}},
	Year = {2009}}

@article{bloom2001,
	Author = {Bloom, L. and Tinker, E. and Scholnick, E.K.},
	Date-Added = {2012-01-22 23:02:42 +0000},
	Date-Modified = {2012-01-22 23:02:42 +0000},
	Journal = {Monographs of the Society for Research in Child Development},
	Number = {4},
	Publisher = {Blackwell Publishing},
	Title = {The intentionality model and language acquisition: Engagement, effort, and the essential tension in development},
	Volume = {66},
	Year = {2001}}

@book{bloom2002,
	Address = {Cambridge, MA},
	Author = {Bloom, P.},
	Date-Added = {2012-01-22 23:02:42 +0000},
	Date-Modified = {2012-01-22 23:02:42 +0000},
	Publisher = {MIT Press},
	Title = {How children learn the meanings of words},
	Year = {2002}}

@article{bock1986,
	Author = {Bock, J.K.},
	Date-Added = {2012-01-22 23:02:42 +0000},
	Date-Modified = {2012-01-22 23:02:42 +0000},
	Journal = {Cognitive Psychology},
	Number = {3},
	Pages = {355--387},
	Publisher = {Elsevier},
	Title = {Syntactic persistence in language production},
	Volume = {18},
	Year = {1986}}

@inproceedings{boersma2009,
	Author = {Boersma, P. and Weenink, D.},
	Booktitle = {http://www.praat.org},
	Date-Added = {2012-01-22 23:02:42 +0000},
	Date-Modified = {2012-01-22 23:02:42 +0000},
	Title = {{PRAAT: Doing phonetics by computer}},
	Url = {http://www.praat.org/},
	Urldate = {2009},
	Year = {2009},
	Bdsk-Url-1 = {http://www.praat.org/}}

@article{booth2002,
	Author = {Booth, A.E. and Waxman, S.},
	Date-Added = {2012-01-22 23:02:42 +0000},
	Date-Modified = {2012-01-22 23:02:42 +0000},
	Journal = {Developmental Psychology},
	Number = {6},
	Pages = {948--957},
	Title = {Object names and object functions serve as cues to categories for infants.},
	Volume = {38},
	Year = {2002}}

@article{borensztajn2008,
	Author = {Borensztajn, G. and Zuidema, W. and Bod, R.},
	Date-Added = {2012-01-22 23:02:42 +0000},
	Date-Modified = {2012-01-22 23:02:42 +0000},
	Journal = {Proc. Cog-Sci 2008},
	Pages = {47--51},
	Title = {Children's grammars grow more abstract with ageevidence from an automatic procedure for identifying the productive units of language},
	Year = {2008}}

@book{bradski2008,
	Author = {Bradski, G. and Kaehler, A.},
	Date-Added = {2012-01-22 23:02:42 +0000},
	Date-Modified = {2013-02-02 03:47:12 +0000},
	Publisher = {O'Reilly Media},
	Title = {{Learning OpenCV: Computer vision with the OpenCV library}},
	Year = {2008}}

@article{braine1987,
	Author = {Braine, M.D.S.},
	Date-Added = {2012-01-22 23:02:42 +0000},
	Date-Modified = {2012-01-22 23:02:42 +0000},
	Journal = {Mechanisms of language acquisition},
	Pages = {65--87},
	Publisher = {Lawrence Erlbaum Associates},
	Title = {What is learned in acquiring word classes: A step toward an acquisition theory},
	Year = {1987}}

@article{brent1999a,
	Author = {Brent, M. R.},
	Date-Added = {2012-01-22 23:02:42 +0000},
	Date-Modified = {2012-01-22 23:02:42 +0000},
	Journal = {Trends in Cognitive Sciences},
	Number = {8},
	Pages = {294--301},
	Publisher = {Elsevier Ltd},
	Title = {{Speech segmentation and word discovery: A computational perspective}},
	Volume = {3},
	Year = {1999}}

@article{brent1999b,
	Author = {Brent, M. R.},
	Date-Added = {2012-01-22 23:02:42 +0000},
	Date-Modified = {2012-01-22 23:02:42 +0000},
	Journal = {Machine Learning},
	Number = {1},
	Pages = {71-105},
	Title = {An Efficient, Probabilistically Sound Algorithm for Segmentation and Word Discovery},
	Volume = {34},
	Year = {1999}}

@article{brent2001,
	Author = {Brent, M.R. and Siskind, J.M.},
	Date-Added = {2012-01-22 23:02:42 +0000},
	Date-Modified = {2012-01-22 23:02:42 +0000},
	Journal = {Cognition},
	Pages = {33--44},
	Publisher = {Elsevier},
	Title = {The role of exposure to isolated words in early vocabulary development},
	Url = {http://linkinghub.elsevier.com/retrieve/pii/S0010027701001226},
	Volume = {81},
	Year = {2001},
	Bdsk-Url-1 = {http://linkinghub.elsevier.com/retrieve/pii/S0010027701001226}}

@book{bresnan2001,
	Author = {Bresnan, J.},
	Date-Added = {2012-01-22 23:02:42 +0000},
	Date-Modified = {2012-01-22 23:02:42 +0000},
	Publisher = {Wiley-Blackwell},
	Title = {Lexical-functional syntax},
	Year = {2001}}

@conference{brodsky2007,
	Author = {Brodsky, P. and Waterfall, HR and Edelman, S.},
	Booktitle = {Proceedings of the 29th Cognitive Science Society Conference, ed. DS McNamara \& JG Trafton},
	Date-Added = {2012-01-22 23:02:42 +0000},
	Date-Modified = {2012-01-22 23:02:42 +0000},
	Organization = {Citeseer},
	Pages = {833--38},
	Title = {Characterizing motherese: On the computational structure of child-directed language},
	Year = {2007}}

@article{brown1993,
	Author = {Brown, P.F. and Pietra, V.J.D. and Pietra, S.A.D. and Mercer, R.L.},
	Date-Added = {2012-01-22 23:02:42 +0000},
	Date-Modified = {2012-01-22 23:02:42 +0000},
	Journal = {Computational linguistics},
	Number = {2},
	Pages = {263--311},
	Publisher = {MIT Press},
	Title = {The mathematics of statistical machine translation: Parameter estimation},
	Volume = {19},
	Year = {1993}}

@article{browne1986,
	Author = {Browne, M.C. and Clarke, E.M. and Dill, D.L. and Mishra, B.},
	Date-Added = {2012-01-22 23:02:42 +0000},
	Date-Modified = {2012-01-22 23:02:42 +0000},
	Journal = {IEEE Transactions on Computers},
	Number = {12},
	Pages = {1035--1044},
	Title = {Automatic verification of sequential circuits using temporal logic},
	Volume = {35},
	Year = {1986}}

@article{bruner1975,
	Author = {Bruner, JS},
	Date-Added = {2012-01-22 23:02:42 +0000},
	Date-Modified = {2012-01-22 23:02:42 +0000},
	Journal = {Cognition},
	Number = {3},
	Pages = {255--287},
	Publisher = {Elsevier},
	Title = {From communication to language: a psychological perspective},
	Volume = {3},
	Year = {1975}}

@incollection{carey1978,
	Address = {Cambridge, MA},
	Author = {Carey, S.},
	Booktitle = {Linguistic theory and psychological reality},
	Date-Added = {2012-01-22 23:02:42 +0000},
	Date-Modified = {2012-01-22 23:02:42 +0000},
	Pages = {264--293},
	Publisher = {MIT Press},
	Title = {The child as word learner},
	Year = {1978}}

@article{carlin1997,
	Author = {Carlin, B.P. and Louis, T.A.},
	Date-Added = {2012-01-22 23:02:42 +0000},
	Date-Modified = {2012-01-22 23:02:42 +0000},
	Journal = {Statistics and Computing},
	Number = {2},
	Pages = {153--154},
	Publisher = {Springer},
	Title = {Bayes and empirical Bayes methods for data analysis},
	Volume = {7},
	Year = {1997}}

@article{carpenter1995,
	Author = {Carpenter, P.A. and Miyake, A. and Just, M.A.},
	Date-Added = {2012-01-22 23:02:42 +0000},
	Date-Modified = {2012-01-22 23:02:42 +0000},
	Journal = {Annual Review of Psychology},
	Number = {1},
	Pages = {91--120},
	Publisher = {Annual Reviews},
	Title = {Language comprehension: Sentence and discourse processing},
	Volume = {46},
	Year = {1995}}

@article{carpenter1998,
	Author = {Carpenter, M. and Nagell, K. and Tomasello, M.},
	Date-Added = {2012-01-22 23:02:42 +0000},
	Date-Modified = {2013-02-02 03:47:39 +0000},
	Journal = {Monographs of the Society for Research in Child Development},
	Number = {4},
	Publisher = {University of Chicago Press},
	Title = {{Social cognition, joint attention, and communicative competence from 9 to 15 months of age}},
	Volume = {63},
	Year = {1998}}

@conference{carroll1992,
	Author = {Carroll, G. and Charniak, E.},
	Booktitle = {Working Notes of the Workshop Statistically-Based NLP Techniques},
	Date-Added = {2012-01-22 23:02:42 +0000},
	Date-Modified = {2012-01-22 23:02:42 +0000},
	Pages = {1--13},
	Title = {Two experiments on learning probabilistic dependency grammars from corpora},
	Year = {1992}}

@article{cartwright1997,
	Author = {Cartwright, T.A. and Brent, M.R.},
	Date-Added = {2012-01-22 23:02:42 +0000},
	Date-Modified = {2012-01-22 23:02:42 +0000},
	Journal = {Cognition},
	Number = {2},
	Pages = {121--170},
	Publisher = {Elsevier},
	Title = {Syntactic categorization in early language acquisition: Formalizing the role of distributional analysis},
	Volume = {63},
	Year = {1997}}

@conference{chierchia2001,
	Author = {Chierchia, G. and Crain, S. and Guasti, M.T. and Gualmini, A. and Meroni, L.},
	Booktitle = {BUCLD},
	Date-Added = {2012-01-22 23:02:42 +0000},
	Date-Modified = {2012-01-22 23:02:42 +0000},
	Pages = {157--168},
	Title = {The acquisition of disjunction: Evidence for a grammatical view of scalar implicatures},
	Volume = {25},
	Year = {2001}}

@book{chomsky1957,
	Address = {The Hague},
	Author = {Chomsky, N.},
	Date-Added = {2012-01-22 23:02:42 +0000},
	Date-Modified = {2012-01-22 23:02:42 +0000},
	Publisher = {Mouton},
	Title = {Syntactic Structures},
	Year = {1957}}

@book{chomsky1975,
	Author = {Chomsky, N.},
	Date-Added = {2012-01-22 23:02:42 +0000},
	Date-Modified = {2012-01-22 23:02:42 +0000},
	Publisher = {Springer},
	Title = {The logical structure of linguistic theory},
	Year = {1975}}

@article{chomsky1981,
	Author = {Chomsky, N.},
	Date-Added = {2012-01-22 23:02:42 +0000},
	Date-Modified = {2012-01-22 23:02:42 +0000},
	Journal = {Explanation in linguistics: The logical problem of language acquisition},
	Pages = {32--75},
	Publisher = {London: Longman, 1981b},
	Title = {Principles and parameters in syntactic theory},
	Year = {1981}}

@article{chouinard2003,
	Author = {Chouinard, M.M. and Clark, E.V.},
	Date-Added = {2012-01-22 23:02:42 +0000},
	Date-Modified = {2012-01-22 23:02:42 +0000},
	Journal = {Journal of Child Language},
	Number = {03},
	Pages = {637--669},
	Publisher = {Cambridge Univ Press},
	Title = {Adult reformulations of child errors as negative evidence},
	Volume = {30},
	Year = {2003}}

@article{cicchino2011,
	Author = {Cicchino, J.B. and Aslin, R.N. and Rakison, D.H.},
	Date-Added = {2012-01-22 23:02:42 +0000},
	Date-Modified = {2012-01-22 23:02:42 +0000},
	Journal = {Cognition},
	Pages = {171--192},
	Publisher = {Elsevier},
	Title = {Correspondences between what infants see and know about causal and self-propelled motion},
	Volume = {118},
	Year = {2011}}

@article{clark1988,
	Author = {Clark, E.V.},
	Date-Added = {2012-01-22 23:02:42 +0000},
	Date-Modified = {2012-01-22 23:02:42 +0000},
	Journal = {Journal of Child Language},
	Pages = {317--335},
	Publisher = {Cambridge Univ Press},
	Title = {On the logic of contrast},
	Volume = {15},
	Year = {1988}}

@book{clark1993,
	Address = {Cambridge, UK},
	Author = {Clark, E.V.},
	Date-Added = {2012-01-22 23:02:42 +0000},
	Date-Modified = {2012-01-22 23:02:42 +0000},
	Publisher = {Cambridge University Press},
	Title = {The Lexicon in Acquisition},
	Url = {http://books.google.com/books?hl=en&lr=&id=tjnoZ9zGSgoC&oi=fnd&pg=PP13&dq=eve+clark+1988+e-clark&ots=edInZ2OPXs&sig=9gzxPHkOtLAQgrDxlND_GxI3Kq0},
	Year = {1993},
	Bdsk-Url-1 = {http://books.google.com/books?hl=en&lr=&id=tjnoZ9zGSgoC&oi=fnd&pg=PP13&dq=eve+clark+1988+e-clark&ots=edInZ2OPXs&sig=9gzxPHkOtLAQgrDxlND_GxI3Kq0}}

@book{clark1996,
	Address = {Cambridge, UK},
	Author = {Clark, H.H.},
	Date-Added = {2012-01-22 23:02:42 +0000},
	Date-Modified = {2012-01-22 23:02:42 +0000},
	Publisher = {Cambridge University Press},
	Title = {Using Language},
	Year = {1996},
	Bdsk-Url-1 = {http://acl.ldc.upenn.edu/j/j97/j97-4008.pdf}}

@book{clark2003,
	Address = {Cambridge, UK},
	Author = {Clark, E.V.},
	Date-Added = {2012-01-22 23:02:42 +0000},
	Date-Modified = {2012-01-22 23:02:42 +0000},
	Publisher = {Cambridge University Press},
	Title = {First language acquisition},
	Year = {2003}}

@conference{clark2006,
	Author = {Clark, A. and Eyraud, R.},
	Booktitle = {Tenth Conference on Computational Natural Language Learning},
	Date-Added = {2012-01-22 23:02:42 +0000},
	Date-Modified = {2012-01-22 23:02:42 +0000},
	Title = {Learning auxiliary fronting with grammatical inference},
	Year = {2006}}

@article{clark2007,
	Author = {Clark, A. and Eyraud, R.},
	Date-Added = {2012-01-22 23:02:42 +0000},
	Date-Modified = {2012-01-22 23:02:42 +0000},
	Journal = {Journal of Machine Learning Research},
	Pages = {1725--1745},
	Publisher = {Citeseer},
	Title = {Polynomial identification in the limit of substitutable context-free languages},
	Volume = {8},
	Year = {2007}}

@book{clark2010,
	Address = {Oxford, UK},
	Author = {Clark, A. and Lappin, S.},
	Date-Added = {2012-01-22 23:02:42 +0000},
	Date-Modified = {2012-01-22 23:02:42 +0000},
	Publisher = {Wiley Blackwell},
	Title = {Linguistic Nativism and the Poverty of the Stimulus},
	Year = {2010}}

@article{cleeremans2008,
	Author = {Cleeremans, A. and Dienes, Z.},
	Date-Added = {2012-01-22 23:02:42 +0000},
	Date-Modified = {2012-01-22 23:02:42 +0000},
	Journal = {Cambridge handbook of computational psychology},
	Pages = {396--421},
	Publisher = {Citeseer},
	Title = {Computational models of implicit learning},
	Year = {2008}}

@article{cohen1993,
	Author = {Cohen, J.D. and MacWhinney, B. and Flatt, M. and Provost, J.},
	Date-Added = {2012-01-22 23:02:42 +0000},
	Date-Modified = {2012-01-22 23:02:42 +0000},
	Journal = {Behavioral Research Methods, Instruments, and Computers},
	Number = {2},
	Pages = {257--271},
	Title = {PsyScope: A new graphic interactive environment for designing psychology experiments},
	Volume = {25},
	Year = {1993}}

@article{collins2003,
	Author = {Collins, M.},
	Date-Added = {2012-01-22 23:02:42 +0000},
	Date-Modified = {2012-01-22 23:02:42 +0000},
	Journal = {Computational linguistics},
	Number = {4},
	Pages = {589--637},
	Publisher = {MIT Press},
	Title = {Head-driven statistical models for natural language parsing},
	Volume = {29},
	Year = {2003}}

@article{collis1974,
	Author = {Collis, GM and Schaffer, HR},
	Date-Added = {2012-01-22 23:02:42 +0000},
	Date-Modified = {2012-01-22 23:02:42 +0000},
	Journal = {Journal of Child Psychology and Psychiatry},
	Number = {4},
	Pages = {315--320},
	Publisher = {John Wiley \& Sons},
	Title = {Synchronization of visual attention in mother-infant pairs},
	Volume = {16},
	Year = {1974}}

@article{colunga2005,
	Author = {Colunga, E. and Smith, L.B.},
	Date-Added = {2012-01-22 23:02:42 +0000},
	Date-Modified = {2012-01-22 23:02:42 +0000},
	Journal = {Psychological Review},
	Number = {2},
	Pages = {347--382},
	Publisher = {[Washington, etc.] American Psychological Association [etc.]},
	Title = {From the lexicon to expectations about kinds: A role for associative learning},
	Volume = {112},
	Year = {2005}}

@conference{connor2008,
	Author = {Connor, M. and Gertner, Y. and Fisher, C. and Roth, D.},
	Booktitle = {{Proceedings of the Twelfth Conference on Computational Natural Language Learning}},
	Date-Added = {2012-01-22 23:02:42 +0000},
	Date-Modified = {2012-01-22 23:02:42 +0000},
	Organization = {Association for Computational Linguistics},
	Pages = {81--88},
	Title = {{Baby SRL: Modeling early language acquisition}},
	Year = {2008}}

@conference{connor2009,
	Author = {Connor, M. and Gertner, Y. and Fisher, C. and Roth, D.},
	Booktitle = {{Proceedings of the Thirteenth Conference on Computational Natural Language Learning}},
	Date-Added = {2012-01-22 23:02:42 +0000},
	Date-Modified = {2012-01-22 23:02:42 +0000},
	Organization = {Association for Computational Linguistics},
	Pages = {84--92},
	Title = {Minimally supervised model of early language acquisition},
	Year = {2009}}

@article{conti1984,
	Author = {Conti, D.J. and Camras, L.A.},
	Date-Added = {2012-01-22 23:02:42 +0000},
	Date-Modified = {2012-01-22 23:02:42 +0000},
	Journal = {Journal of Experimental Child Psychology},
	Number = {3},
	Pages = {456--463},
	Publisher = {Elsevier},
	Title = {Children's understanding of conversational principles* 1},
	Volume = {38},
	Year = {1984}}

@article{conway2005,
	Author = {Conway, C. M. and Christiansen, M. H.},
	Date-Added = {2012-01-22 23:02:42 +0000},
	Date-Modified = {2012-01-22 23:02:42 +0000},
	Journal = {Journal of Experimental Psychology Learning Memory and Cognition},
	Number = {1},
	Pages = {24-3916},
	Title = {Modality-Constrained Statistical Learning of Tactile, Visual, and Auditory Sequences},
	Volume = {31},
	Year = {2005}}

@article{cornelissen2002,
	Author = {Cornelissen, F.W. and Peters, E.M. and Palmer, J.},
	Date-Added = {2012-01-22 23:02:42 +0000},
	Date-Modified = {2012-01-22 23:02:42 +0000},
	Journal = {Behavior Research Methods},
	Number = {4},
	Pages = {613--617},
	Publisher = {Springer},
	Title = {The Eyelink Toolbox: eye tracking with MATLAB and the Psychophysics Toolbox},
	Volume = {34},
	Year = {2002}}

@book{cover2006,
	Address = {New York},
	Author = {Cover, T.M. and Thomas, J.A.},
	Date-Added = {2012-01-22 23:02:42 +0000},
	Date-Modified = {2012-01-22 23:02:42 +0000},
	Publisher = {Wiley-Interscience},
	Title = {Elements of Information Theory},
	Url = {http://doi.wiley.com/10.1002/0471200611.fmatter_indsub},
	Year = {2006},
	Bdsk-Url-1 = {http://doi.wiley.com/10.1002/0471200611.fmatter_indsub}}

@article{creutz2005,
	Author = {Creutz, M. and Lagus, K.},
	Date-Added = {2012-01-22 23:02:42 +0000},
	Date-Modified = {2012-01-22 23:02:42 +0000},
	Journal = {Computer and information science, Report A},
	Publisher = {Citeseer},
	Title = {Unsupervised morpheme segmentation and morphology induction from text corpora using Morfessor 1.0},
	Volume = {81},
	Year = {2005}}

@article{creutz2007,
	Author = {Creutz, M. and Lagus, K.},
	Date-Added = {2012-01-22 23:02:42 +0000},
	Date-Modified = {2012-01-22 23:02:42 +0000},
	Journal = {ACM Transactions on Speech and Language Processing (TSLP)},
	Number = {1},
	Pages = {1--34},
	Publisher = {ACM},
	Title = {Unsupervised models for morpheme segmentation and morphology learning},
	Volume = {4},
	Year = {2007}}

@article{dale1995,
	Author = {Dale, R. and Reiter, E.},
	Date-Added = {2012-01-22 23:02:42 +0000},
	Date-Modified = {2012-01-22 23:02:42 +0000},
	Journal = {Cognitive Science: A Multidisciplinary Journal},
	Number = {2},
	Pages = {233--263},
	Publisher = {Psychology Press},
	Title = {Computational interpretations of the Gricean maxims in the generation of referring expressions},
	Volume = {19},
	Year = {1995}}

@article{demarcken1996,
	Author = {{de Marcken}, C.},
	Date-Added = {2012-01-22 23:02:42 +0000},
	Date-Modified = {2012-01-22 23:02:42 +0000},
	Journal = {Arxiv preprint cmp-lg/9611002},
	Title = {Unsupervised language acquisition},
	Year = {1996}}

@article{dilley2007,
	Author = {Dilley, L.C. and Brown, M.},
	Date-Added = {2012-01-22 23:02:42 +0000},
	Date-Modified = {2012-01-22 23:02:42 +0000},
	Journal = {URL http://faculty. psy. ohio-state. edu/pitt/dilley/RaP\_Labeling-\_Guide\_v1. 0. pdf. Retrieved May},
	Title = {The RaP (Rhythm and Pitch) Labeling System},
	Year = {2007}}

@article{dowman2008,
	Author = {Dowman, M. and Savova, V. and Griffiths, T.L. and K{\"o}rding, K.P. and Tenenbaum, J.B. and Purver, M.},
	Date-Added = {2012-01-22 23:02:42 +0000},
	Date-Modified = {2012-01-22 23:02:42 +0000},
	Journal = {IEEE Transactions on Audio, Speech, and Language Processing},
	Pages = {1238--1248},
	Title = {A Probabilistic Model of Meetings That Combines Words and Discourse Features},
	Url = {http://www.stanford.edu/~mpurver/papers/dowman-et-al08ieee.pdf},
	Volume = {16},
	Year = {2008},
	Bdsk-Url-1 = {http://www.stanford.edu/~mpurver/papers/dowman-et-al08ieee.pdf}}

@article{echols1992,
	Author = {Echols, C.H. and Newport, E.L.},
	Date-Added = {2012-01-22 23:02:42 +0000},
	Date-Modified = {2012-01-22 23:02:42 +0000},
	Journal = {Language acquisition},
	Number = {3},
	Pages = {189--220},
	Publisher = {Psychology Press},
	Title = {The role of stress and position in determining first words},
	Volume = {2},
	Year = {1992}}

@article{eimas1971,
	Author = {Eimas, P.D. and Siqueland, E.R. and Jusczyk, P. and Vigorito, J.},
	Date-Added = {2012-01-22 23:02:42 +0000},
	Date-Modified = {2012-01-22 23:02:42 +0000},
	Journal = {Science},
	Number = {3968},
	Pages = {303},
	Publisher = {AAAS},
	Title = {Speech perception in infants},
	Volume = {171},
	Year = {1971}}

@article{elman1990,
	Author = {Elman, J. L.},
	Date-Added = {2012-01-22 23:02:42 +0000},
	Date-Modified = {2012-01-22 23:02:42 +0000},
	Journal = {Cognitive Science},
	Number = {179-211},
	Title = {Finding structure in time},
	Volume = {14},
	Year = {1990}}

@book{elman1996,
	Address = {Cambridge, MA},
	Author = {Elman, J. L. and Bates, E. A. and Johnson, M. H. and Karmiloff-Smith, A. and Parisi, D. and Plunkett, K.},
	Date-Added = {2012-01-22 23:02:42 +0000},
	Date-Modified = {2012-01-22 23:02:42 +0000},
	Publisher = {MIT Press},
	Title = {Rethinking innateness: A connectionist perspective on development},
	Year = {1996}}

@article{endress2009,
	Author = {Endress, A. and Mehler, J.},
	Date-Added = {2012-01-22 23:02:42 +0000},
	Date-Modified = {2012-01-22 23:02:42 +0000},
	Journal = {Journal of Memory and Language},
	Number = {3},
	Pages = {351--367},
	Title = {{The surprising power of statistical learning: When fragment knowledge leads to false memories of unheard words}},
	Volume = {60},
	Year = {2009}}

@article{erol2007,
	Author = {Erol, A. and Bebis, G. and Nicolescu, M. and Boyle, R.D. and Twombly, X.},
	Date-Added = {2012-01-22 23:02:42 +0000},
	Date-Modified = {2012-01-22 23:02:42 +0000},
	Journal = {Computer Vision and Image Understanding},
	Number = {1-2},
	Pages = {52--73},
	Publisher = {Elsevier},
	Title = {Vision-based hand pose estimation: A review},
	Volume = {108},
	Year = {2007}}

@article{eskritt2008,
	Author = {Eskritt, M. and Whalen, J. and Lee, K.},
	Date-Added = {2012-01-22 23:02:42 +0000},
	Date-Modified = {2012-01-22 23:02:42 +0000},
	Journal = {British Journal of Developmental Psychology},
	Number = {3},
	Pages = {435--443},
	Publisher = {British Psychological Society},
	Title = {Preschoolers can recognize violations of the Gricean maxims},
	Volume = {26},
	Year = {2008}}

@inproceedings{fazly2008,
	Author = {Fazly, A. and Alishahi, A. and Stevenson, S.},
	Booktitle = {Proceedings of the 30th Annual Conference of the Cognitive Science Society},
	Date-Added = {2012-01-22 23:02:42 +0000},
	Date-Modified = {2012-01-22 23:02:42 +0000},
	Title = {A probabilistic incremental model of word learning in the presence of referential uncertainty},
	Year = {2008}}

@article{fazly2010,
	Author = {Fazly, A. and Alishahi, A. and Stevenson, S.},
	Date-Added = {2012-01-22 23:02:42 +0000},
	Date-Modified = {2012-01-22 23:02:42 +0000},
	Journal = {Cognitive Science},
	Number = {6},
	Pages = {1017--1063},
	Publisher = {Wiley Online Library},
	Title = {A Probabilistic Computational Model of Cross-Situational Word Learning},
	Volume = {34},
	Year = {2010}}

@article{feldman1972,
	Author = {Feldman, J.},
	Date-Added = {2012-01-22 23:02:42 +0000},
	Date-Modified = {2012-01-22 23:02:42 +0000},
	Journal = {Information and control},
	Number = {3},
	Pages = {244--262},
	Publisher = {Elsevier},
	Title = {Some decidability results on grammatical inference and complexity},
	Volume = {20},
	Year = {1972}}

@article{feldman2009,
	Author = {Feldman, N.H. and Griffiths, T.L. and Morgan, J.L.},
	Date-Added = {2012-01-22 23:02:42 +0000},
	Date-Modified = {2012-01-22 23:02:42 +0000},
	Journal = {Psychological review},
	Number = {4},
	Pages = {752--782},
	Publisher = {American Psychological Association. Journals Department, 750 First Street NE, Washington, DC 20002-4242. Tel: 800-374-2721; Tel: 202-336-5510; Fax: 202-336-5502; e-mail: order@ apa. org; Web site: http://www. apa. org/publications},
	Title = {The influence of categories on perception: Explaining the perceptual magnet effect as optimal statistical inference},
	Volume = {116},
	Year = {2009}}

@inproceedings{feldman2009b,
	Author = {Feldman, N.H. and Griffiths, T.L. and Morgan, J.L.},
	Booktitle = {{Proceedings of the 31st Annual Conference of the Cognitive Science Society}},
	Date-Added = {2012-01-22 23:02:42 +0000},
	Date-Modified = {2012-01-22 23:02:42 +0000},
	Title = {Learning phonetic categories by learning a lexicon},
	Year = {2009}}

@article{felzenszwalb2009,
	Author = {Felzenszwalb, P.F. and Girshick, R.B. and McAllester, D. and Ramanan, D.},
	Date-Added = {2012-01-22 23:02:42 +0000},
	Date-Modified = {2012-01-22 23:02:42 +0000},
	Journal = {IEEE Transactions on Pattern Analysis and Machine Intelligence},
	Publisher = {Published by the IEEE Computer Society},
	Title = {Object detection with discriminatively trained part based models},
	Year = {2009}}

@article{fenson1994,
	Author = {Fenson, L. and Dale, P.S. and Reznick, J.S. and Bates, E. and Thal, D.J. and Pethick, S.J. and Tomasello, M. and Mervis, C.B. and Stiles, J.},
	Date-Added = {2012-01-22 23:02:42 +0000},
	Date-Modified = {2012-01-22 23:02:42 +0000},
	Journal = {Monographs of the society for research in child development},
	Number = {5},
	Publisher = {JSTOR},
	Title = {Variability in early communicative development},
	Volume = {59},
	Year = {1994}}

@article{fernald1984,
	Author = {Fernald, A. and Simon, T.},
	Date-Added = {2012-01-22 23:02:42 +0000},
	Date-Modified = {2012-01-22 23:02:42 +0000},
	Journal = {Developmental psychology},
	Number = {1},
	Pages = {104--113},
	Title = {Expanded intonation contours in mothers' speech to newborns.},
	Volume = {20},
	Year = {1984}}

@article{fernald1985,
	Author = {Fernald, A.},
	Date-Added = {2012-01-22 23:02:42 +0000},
	Date-Modified = {2012-01-22 23:02:42 +0000},
	Journal = {Infant behavior and development},
	Number = {2},
	Pages = {181--195},
	Publisher = {Elsevier},
	Title = {Four-month-old infants prefer to listen to motherese*},
	Volume = {8},
	Year = {1985}}

@article{fernald1987,
	Author = {Fernald, A. and Kuhl, P.},
	Date-Added = {2012-01-22 23:02:42 +0000},
	Date-Modified = {2012-01-22 23:02:42 +0000},
	Journal = {Infant Behavior and Development},
	Number = {3},
	Pages = {279--293},
	Publisher = {Elsevier},
	Title = {Acoustic determinants of infant preference for motherese speech},
	Volume = {10},
	Year = {1987}}

@article{fernald1993,
	Author = {Fernald, A. and Morikawa, H.},
	Date-Added = {2012-01-22 23:02:42 +0000},
	Date-Modified = {2012-01-22 23:02:42 +0000},
	Journal = {Child Development},
	Pages = {637--56},
	Title = {Common themes and cultural variations in Japanese and American mothers' speech to infants.},
	Url = {http://www.ncbi.nlm.nih.gov/pubmed/8339686},
	Volume = {64},
	Year = {1993},
	Bdsk-Url-1 = {http://www.ncbi.nlm.nih.gov/pubmed/8339686}}

@article{fernald1998,
	Author = {Fernald, A. and Pinto, J.P. and Swingley, D. and Weinbergy, A. and McRoberts, G.W.},
	Date-Added = {2012-01-22 23:02:42 +0000},
	Date-Modified = {2012-01-22 23:02:42 +0000},
	Journal = {Psychological Science},
	Number = {3},
	Pages = {228},
	Publisher = {SAGE Publications},
	Title = {Rapid gains in speed of verbal processing by infants in the 2nd year},
	Volume = {9},
	Year = {1998}}

@article{fernald2006,
	Author = {Fernald, A. and Perfors, A. and Marchman, V.A.},
	Date-Added = {2012-01-22 23:02:42 +0000},
	Date-Modified = {2012-01-22 23:02:42 +0000},
	Journal = {Developmental Psychology},
	Number = {1},
	Pages = {98--116},
	Publisher = {[Washington] American Psychological Association.},
	Title = {Picking up speed in understanding: Speech processing efficiency and vocabulary growth across the 2nd year},
	Volume = {42},
	Year = {2006}}

@article{fiser2002,
	Author = {Fiser, J. and Aslin, R. N.},
	Date-Added = {2012-01-22 23:02:42 +0000},
	Date-Modified = {2012-01-22 23:02:42 +0000},
	Journal = {Proceedings of the National Academy of Sciences},
	Number = {24},
	Pages = {15822-15826},
	Title = {Statistical learning of new visual feature combinations by infants},
	Volume = {99},
	Year = {2002}}

@article{fletcher-watson2009,
	Author = {Fletcher-Watson, S. and Leekam, SR and Benson, V. and Frank, MC and Findlay, JM},
	Date-Added = {2012-01-22 23:02:42 +0000},
	Date-Modified = {2012-01-22 23:02:42 +0000},
	Issn = {0028-3932},
	Journal = {Neuropsychologia},
	Number = {1},
	Pages = {248--257},
	Publisher = {Elsevier},
	Title = {Eye-movements reveal attention to social information in autism spectrum disorder},
	Volume = {47},
	Year = {2009}}

@inproceedings{frank2008,
	Author = {Frank, M. C. and Ichinco, D. and Tenenbaum, J. B.},
	Booktitle = {Proceedings of the 30th Annual Meeting of the Cognitive Science Society},
	Date-Added = {2012-01-22 23:02:42 +0000},
	Date-Modified = {2012-01-22 23:02:42 +0000},
	Title = {Principles of generalization for learning sequential structure in language},
	Year = {2008}}

@inproceedings{frank2008b,
	Author = {Frank, M. C. and Goodman, N. D. and Tenenbaum, J. B.},
	Booktitle = {Advances in Neural Information Processing Systems 20},
	Date-Added = {2012-01-22 23:02:42 +0000},
	Date-Modified = {2012-01-22 23:02:42 +0000},
	Title = {{A Bayesian framework for cross-situational word learning}},
	Year = {2008}}

@article{frank2009a,
	Author = {Frank, M. C. and Goodman, N. D. and Tenenbaum, J. B.},
	Date-Added = {2012-01-22 23:02:42 +0000},
	Date-Modified = {2012-01-22 23:04:06 +0000},
	Journal = {Psychological Science},
	Pages = {578--585},
	Title = {Using speakers' referential intentions to model early cross-situational word learning},
	Volume = {20},
	Year = {2009}}

@inproceedings{frank2009b,
	Author = {Frank, M. C. and Goodman, N. D. and Lai, P. and Tenenbaum, J. B.},
	Booktitle = {Proceedings of the Annual Meeting of the Cognitive Science Society},
	Date-Added = {2012-01-22 23:02:42 +0000},
	Date-Modified = {2012-01-22 23:02:42 +0000},
	Title = {Informative communication in word production and word learning},
	Year = {2009}}

@inproceedings{frank2009c,
	Address = {Mahwah, NJ},
	Author = {Frank, M. C. and Goodman, N. D. and Tenenbaum, J. B. and Fernald, A.},
	Booktitle = {{Proceedings of the 31st Annual Meeting of the Cognitive Science Society}},
	Date-Added = {2012-01-22 23:02:42 +0000},
	Date-Modified = {2012-01-22 23:02:42 +0000},
	Publisher = {Lawrence Erlbaum Associates},
	Title = {Continuity of Discourse Provides Information For Word Learning},
	Year = {2009}}

@article{frank2009e,
	Author = {Frank, M. C. and Slemmer, J. A. and Marcus, G. F. and Johnson, S. P.},
	Date-Added = {2012-01-22 23:02:42 +0000},
	Date-Modified = {2012-01-22 23:02:42 +0000},
	Journal = {Developmental science},
	Number = {4},
	Pages = {504},
	Publisher = {NIH Public Access},
	Title = {Information from Multiple Modalities Helps Five-month-olds Learn Abstract Rules},
	Volume = {12},
	Year = {2009}}

@inproceedings{frank2010a,
	Author = {Frank, M. C. and Tily, H. and Arnon, I. and Goldwater, S.},
	Booktitle = {Proceedings of the Annual Meeting of the Cognitive Science Society},
	Date-Added = {2012-01-22 23:02:42 +0000},
	Date-Modified = {2012-01-22 23:02:42 +0000},
	Title = {Beyond transitional probability: Human learners impose a parsimony bias in statistical word segmentation},
	Year = {2010}}

@inproceedings{frank2010b,
	Author = {Frank, M. C. and Goodman, N. D. and Kenney, A. and Tenenbaum, J. B. and Torralba, A. and Oliva, A.},
	Booktitle = {Annual meeting of the Vision Science Society},
	Date-Added = {2012-01-22 23:02:42 +0000},
	Date-Modified = {2012-01-22 23:02:42 +0000},
	Title = {Modeling object and scene descriptions with an information-theoretic model of pragmatics},
	Year = {2010}}

@article{frank2011,
	Author = {Frank, M.C. and Vul, E. and Saxe, R.},
	Date-Added = {2012-01-22 23:02:42 +0000},
	Date-Modified = {2012-01-22 23:06:47 +0000},
	Journal = {Infancy},
	Pages = {1--21},
	Title = {Measuring the development of social attention using free-viewing},
	Year = {2011}}

@article{frankunderreview,
	Author = {Frank, M. C. and Gibson, E.},
	Date-Added = {2012-01-22 23:02:42 +0000},
	Date-Modified = {2012-01-22 23:02:42 +0000},
	Journal = {Language Learning and Development},
	Title = {Overcoming memory limitations in rule learning},
	Year = {2011}}

@article{frankunderreview2,
	Author = {Frank, M. C. and Goldwater, S. and Griffiths, T. L. and Tenenbaum, J. B.},
	Date-Added = {2012-01-22 23:02:42 +0000},
	Date-Modified = {2012-01-22 23:02:42 +0000},
	Journal = {Cognition},
	Title = {Modeling human performance in statistical word segmentation},
	Year = {2011}}

@article{frankunderreview3,
	Author = {Frank, M. C. and Tenenbaum, J. B.},
	Date-Added = {2012-01-22 23:02:42 +0000},
	Date-Modified = {2012-01-22 23:02:42 +0000},
	Journal = {2011},
	Title = {Three ideal observer models of rule learning in simple languages},
	Year = {Cognition}}

@article{frankunderreview4,
	Author = {Frank, M. C. and Vul, E. and Saxe, R.},
	Date-Added = {2012-01-22 23:02:42 +0000},
	Date-Modified = {2012-01-22 23:02:42 +0000},
	Title = {Measuring the development of social attention using free-viewing},
	Year = {under review}}

@inproceedings{freund1995,
	Author = {Freund, Y. and Schapire, R.},
	Booktitle = {Computational learning theory},
	Date-Added = {2012-01-22 23:02:42 +0000},
	Date-Modified = {2012-01-22 23:02:42 +0000},
	Pages = {23--37},
	Publisher = {Springer},
	Title = {A desicion-theoretic generalization of on-line learning and an application to boosting},
	Year = {1995}}

@book{gelman2006,
	Address = {New York},
	Author = {Gelman, A. and Hill, J.},
	Date-Added = {2012-01-22 23:02:42 +0000},
	Date-Modified = {2012-01-22 23:02:42 +0000},
	Publisher = {Cambridge University Press},
	Title = {Data Analysis Using Regression and Multilevel/Hierarchical Models},
	Url = {http://books.google.com/books?hl=en&lr=&id=c9xLKzZWoZ4C&oi=fnd&pg=PR17&dq=gelman+hill&ots=b8P5P0Qrre&sig=tl00nsF8aIuXP2hOoq1Nwph-MNA},
	Year = {2006},
	Bdsk-Url-1 = {http://books.google.com/books?hl=en&lr=&id=c9xLKzZWoZ4C&oi=fnd&pg=PR17&dq=gelman+hill&ots=b8P5P0Qrre&sig=tl00nsF8aIuXP2hOoq1Nwph-MNA}}

@article{gerken2005,
	Author = {Gerken, L. and Wilson, R. and Lewis, W.},
	Date-Added = {2012-01-22 23:02:42 +0000},
	Date-Modified = {2012-01-22 23:02:42 +0000},
	Journal = {Journal of Child Language},
	Number = {02},
	Pages = {249--268},
	Publisher = {Cambridge Univ Press},
	Title = {Infants can use distributional cues to form syntactic categories},
	Volume = {32},
	Year = {2005}}

@article{gertner2006,
	Author = {Gertner, Y. and Fisher, C. and Eisengart, J.},
	Date-Added = {2012-01-22 23:02:42 +0000},
	Date-Modified = {2012-01-22 23:02:42 +0000},
	Journal = {Psychological Science},
	Number = {8},
	Pages = {684},
	Publisher = {SAGE Publications},
	Title = {Learning Words and Rules},
	Volume = {17},
	Year = {2006}}

@article{gibson1998,
	Author = {Gibson, E.},
	Date-Added = {2012-01-22 23:02:42 +0000},
	Date-Modified = {2012-01-22 23:02:42 +0000},
	Journal = {Cognition},
	Number = {1},
	Pages = {1--76},
	Publisher = {Elsevier},
	Title = {Linguistic complexity: Locality of syntactic dependencies},
	Volume = {68},
	Year = {1998}}

@article{gillette1999,
	Author = {Gillette, J. and Gleitman, H. and Gleitman, L. and Lederer, A.},
	Date-Added = {2012-01-22 23:02:42 +0000},
	Date-Modified = {2012-01-22 23:02:42 +0000},
	Journal = {Cognition},
	Number = {2},
	Pages = {135--176},
	Title = {Human simulations of vocabulary learning},
	Volume = {73},
	Year = {1999}}

@article{giroux2009,
	Author = {Giroux, I. and Rey, A.},
	Date-Added = {2012-01-22 23:02:42 +0000},
	Date-Modified = {2012-01-22 23:02:42 +0000},
	Journal = {Cognitive Science},
	Pages = {260-272},
	Title = {Lexical and Sublexical Units in Speech Perception},
	Volume = {33},
	Year = {2009}}

@article{gleitman1990,
	Annote = {Empiracally explores Locke's idea that children learn the meanings of words through explicit indications of their meanings, one of the other mechanisms for first language acquisition.},
	Author = {Gleitman, L.},
	Date-Added = {2012-01-22 23:02:42 +0000},
	Date-Modified = {2012-01-22 23:02:42 +0000},
	Journal = {Language Acquisition},
	Pages = {3--55},
	Title = {The Structural Sources of Verb Meanings},
	Year = {1990}}

@article{glucksberg1966,
	Author = {Glucksberg, S. and Krauss, R.M. and Weisberg, R.},
	Date-Added = {2012-01-22 23:02:42 +0000},
	Date-Modified = {2012-01-22 23:02:42 +0000},
	Journal = {Journal of Experimental Child Psychology},
	Number = {4},
	Pages = {333--342},
	Publisher = {Elsevier},
	Title = {Referential communication in nursery school children: Method and some preliminary findings},
	Volume = {3},
	Year = {1966}}

@article{gold1967,
	Author = {Gold, E.M. and others},
	Date-Added = {2012-01-22 23:02:42 +0000},
	Date-Modified = {2012-01-22 23:02:42 +0000},
	Journal = {Information and control},
	Number = {5},
	Pages = {447--474},
	Publisher = {Elsevier},
	Title = {Language identification in the limit},
	Volume = {10},
	Year = {1967}}

@conference{gold2007,
	Author = {Gold, K. and Scassellati, B.},
	Booktitle = {{Proceedings of the National Conference on Artificial Intelligence}},
	Date-Added = {2012-01-22 23:02:42 +0000},
	Date-Modified = {2012-01-22 23:02:42 +0000},
	Pages = {883},
	Title = {A robot that uses existing vocabulary to infer non-visual word meanings from observation},
	Volume = {22},
	Year = {2007}}

@article{goldsmith2001,
	Author = {Goldsmith, J.},
	Date-Added = {2012-01-22 23:02:42 +0000},
	Date-Modified = {2012-01-22 23:02:42 +0000},
	Journal = {Computational linguistics},
	Number = {2},
	Pages = {153--198},
	Publisher = {MIT Press},
	Title = {Unsupervised learning of the morphology of a natural language},
	Volume = {27},
	Year = {2001}}

@incollection{goldwater2005,
	Address = {Cambridge, MA},
	Author = {Sharon Goldwater and Tom Griffiths and Mark Johnson},
	Booktitle = {Advances in Neural Information Processing Systems 18},
	Date-Added = {2012-01-22 23:02:42 +0000},
	Date-Modified = {2012-01-22 23:02:42 +0000},
	Editor = {Y. Weiss and B. Sch\"{o}lkopf and J. Platt},
	Pages = {459--466},
	Publisher = {MIT Press},
	Title = {Interpolating between types and tokens by estimating power-law generators},
	Year = {2006}}

@conference{goldwater2007,
	Author = {Goldwater, S. and Griffiths, T.},
	Booktitle = {{Annual meeting of the Association for Computational Linguistics}},
	Date-Added = {2012-01-22 23:02:42 +0000},
	Date-Modified = {2012-01-22 23:02:42 +0000},
	Pages = {744},
	Title = {A fully Bayesian approach to unsupervised part-of-speech tagging},
	Volume = {45},
	Year = {2007}}

@inproceedings{goldwater2007b,
	Author = {Goldwater, S.},
	Booktitle = {Workshop on Psychocomputational Models of Language Acquisition},
	Date-Added = {2012-01-22 23:02:42 +0000},
	Date-Modified = {2012-01-22 23:02:42 +0000},
	Journal = {Models of Human Language Acquisition},
	Publisher = {Citeseer},
	Title = {Distributional Models of Syntactic Category Acquisition: A Comparative Analysis},
	Year = {2007}}

@article{goldwater2009,
	Author = {Goldwater, S. and Griffiths, T.L. and Johnson, M.},
	Date-Added = {2012-01-22 23:02:42 +0000},
	Date-Modified = {2012-01-22 23:02:42 +0000},
	Journal = {Cognition},
	Pages = {21-54},
	Title = {{A Bayesian framework for word segmentation: Exploring the effects of context.}},
	Volume = {112},
	Year = {2009}}

@article{golinkoff1992,
	Author = {Golinkoff, R.M. and Hirsh-Pasek, K. and Bailey, L.M. and Wenger, N.R.},
	Date-Added = {2012-01-22 23:02:42 +0000},
	Date-Modified = {2012-01-22 23:02:42 +0000},
	Journal = {Developmental Psychology},
	Number = {1},
	Pages = {99--108},
	Title = {Young children and adults use lexical principles to learn new nouns.},
	Volume = {28},
	Year = {1992}}

@article{golinkoff1994,
	Author = {Golinkoff, R.M. and Mervis, C.B. and Hirsh-Pasek, K.},
	Date-Added = {2012-01-22 23:02:42 +0000},
	Date-Modified = {2012-01-22 23:02:42 +0000},
	Journal = {Growing points in child language},
	Pages = {125--155},
	Publisher = {Cambridge Univ Pr},
	Title = {Early object labels: The case for a developmental lexical principles framework},
	Volume = {21},
	Year = {1994}}

@article{gomez1999,
	Author = {G\'omez, R.L. and Gerken, L.A.},
	Date-Added = {2012-01-22 23:02:42 +0000},
	Date-Modified = {2012-01-22 23:02:42 +0000},
	Journal = {Cognition},
	Pages = {109--135},
	Publisher = {Elsevier},
	Title = {Artificial grammar learning by 1-year-olds leads to specific and abstract knowledge},
	Volume = {70},
	Year = {1999}}

@article{gomez2002,
	Author = {G\'omez, R.},
	Date-Added = {2012-01-22 23:02:42 +0000},
	Date-Modified = {2012-01-22 23:02:42 +0000},
	Journal = {Psychological Science},
	Pages = {431--436},
	Title = {Variability and detection of invariant structure},
	Year = {2002}}

@article{graesser1997,
	Author = {Graesser, A.C. and Millis, K.K. and Zwaan, R.A.},
	Date-Added = {2012-01-22 23:02:42 +0000},
	Date-Modified = {2012-01-22 23:02:42 +0000},
	Journal = {Annual Reviews in Psychology},
	Pages = {163--189},
	Publisher = {Annual Reviews},
	Title = {Discourse Comprehension},
	Url = {http://arjournals.annualreviews.org/doi/abs/10.1146/annurev.psych.48.1.163},
	Volume = {48},
	Year = {1997},
	Bdsk-Url-1 = {http://arjournals.annualreviews.org/doi/abs/10.1146/annurev.psych.48.1.163}}

@article{grice1975,
	Author = {Grice, H.P.},
	Date-Added = {2012-01-22 23:02:42 +0000},
	Date-Modified = {2012-01-22 23:02:42 +0000},
	Journal = {Syntax and Semantics},
	Pages = {41--58},
	Title = {{Logic and conversation}},
	Volume = {3},
	Year = {1975}}

@article{griffin2000,
	Author = {Griffin, Z.M. and Bock, K.},
	Date-Added = {2012-01-22 23:02:42 +0000},
	Date-Modified = {2012-01-22 23:02:42 +0000},
	Journal = {Psychological Science},
	Pages = {274--279},
	Publisher = {Blackwell Publishing},
	Title = {What the eyes say about speaking},
	Year = {2000}}

@article{griffin2001,
	Author = {Griffin, Z.M.},
	Date-Added = {2012-01-22 23:02:42 +0000},
	Date-Modified = {2012-01-22 23:02:42 +0000},
	Journal = {Cognition},
	Number = {1},
	Pages = {1--14},
	Publisher = {Elsevier},
	Title = {Gaze durations during speech reflect word selection and phonological encoding},
	Volume = {82},
	Year = {2001}}

@conference{gualmini2001,
	Author = {Gualmini, A. and Crain, S. and Meroni, L. and Chierchia, G. and Guasti, M.T.},
	Booktitle = {Proceedings of SALT XI},
	Date-Added = {2012-01-22 23:02:42 +0000},
	Date-Modified = {2012-01-22 23:02:42 +0000},
	Organization = {Ithaca, NY: Comell University Press},
	Pages = {231--247},
	Title = {At the semantics/pragmatics interface in child language},
	Year = {2001}}

@article{guasti2005,
	Author = {Guasti, M.T. and Chierchia, G. and Crain, S. and Foppolo, F. and Gualmini, A. and Meroni, L.},
	Date-Added = {2012-01-22 23:02:42 +0000},
	Date-Modified = {2012-01-22 23:02:42 +0000},
	Journal = {Language and Cognitive Processes},
	Number = {5},
	Pages = {667},
	Publisher = {LAWRENCE ERLBAUM ASSOCIATES LTD},
	Title = {Why children and adults sometimes (but not always) compute implicatures},
	Volume = {20},
	Year = {2005}}

@article{halberda2003,
	Author = {Halberda, J.},
	Date-Added = {2012-01-22 23:02:42 +0000},
	Date-Modified = {2012-01-22 23:02:42 +0000},
	Journal = {Cognition},
	Number = {1},
	Pages = {B23--B34},
	Publisher = {Elsevier},
	Title = {The development of a word-learning strategy},
	Volume = {87},
	Year = {2003}}

@book{harris1951,
	Address = {Chicago, IL},
	Author = {Harris, Z. S.},
	Date-Added = {2012-01-22 23:02:42 +0000},
	Date-Modified = {2012-01-22 23:02:42 +0000},
	Publisher = {University of Chicago Press},
	Title = {Methods in structural linguistics},
	Year = {1951}}

@book{hart1995,
	Address = {Baltimore, MD},
	Author = {Hart, B. and Risley, T.R.},
	Date-Added = {2012-01-22 23:02:42 +0000},
	Date-Modified = {2013-02-02 03:48:23 +0000},
	Publisher = {Brookes Publishing Company},
	Title = {{Meaningful differences in the everyday experience of young American children}},
	Year = {1995}}

@book{hastie2001,
	Address = {New York, NY},
	Author = {Hastie, T. and Tibshirani, R. and Friedman, J.},
	Date-Added = {2012-01-22 23:02:42 +0000},
	Date-Modified = {2012-01-22 23:02:42 +0000},
	Publisher = {Springer},
	Title = {The elements of statistical learning: data mining, inference, and prediction},
	Year = {2001}}

@article{hauser2001,
	Author = {Hauser, M. D. and Newport, E. L. and Aslin, R. N.},
	Date-Added = {2012-01-22 23:02:42 +0000},
	Date-Modified = {2012-01-22 23:02:42 +0000},
	Journal = {Cognition},
	Pages = {B53-B64},
	Title = {Segmentation of the speech stream in a human primate: statistical learning in cotton-top tamarins},
	Volume = {78},
	Year = {2001}}

@article{hauser2008,
	Author = {Hauser, MD and Young, L. and Cushman, FA},
	Date-Added = {2012-01-22 23:02:42 +0000},
	Date-Modified = {2012-01-22 23:02:42 +0000},
	Journal = {Moral psychology},
	Pages = {107--144},
	Title = {Reviving Rawls' linguistic analogy},
	Volume = {1},
	Year = {2008}}

@book{heim1998,
	Address = {Oxford, UK},
	Author = {Heim, I. and Kratzer, A.},
	Date-Added = {2012-01-22 23:02:42 +0000},
	Date-Modified = {2012-01-22 23:02:42 +0000},
	Publisher = {Blackwell Publishers},
	Title = {{Semantics in Generative Grammar}},
	Year = {1998}}

@article{hoff-ginsberg1986,
	Author = {Hoff-Ginsberg, E.},
	Date-Added = {2012-01-22 23:02:42 +0000},
	Date-Modified = {2012-01-22 23:02:42 +0000},
	Journal = {Developmental Psychology},
	Number = {2},
	Pages = {155--163},
	Title = {Function and structure in maternal speech: Their relation to the child's development of syntax.},
	Volume = {22},
	Year = {1986}}

@article{hoff-ginsberg1990,
	Author = {Hoff-Ginsberg, E.},
	Date-Added = {2012-01-22 23:02:42 +0000},
	Date-Modified = {2012-01-22 23:02:42 +0000},
	Journal = {Journal of Child Language},
	Number = {01},
	Pages = {85--99},
	Publisher = {Cambridge University Press},
	Title = {Maternal speech and the child's development of syntax: A further look},
	Volume = {17},
	Year = {1990}}

@article{hollich2000,
	Author = {Hollich, G.J. and Hirsh-Pasek, K. and Golinkoff, R.M.},
	Date-Added = {2012-01-22 23:02:42 +0000},
	Date-Modified = {2012-01-22 23:02:42 +0000},
	Journal = {Monographs of the Society for Research in Child Development},
	Number = {3},
	Publisher = {Blackwell Publishing; Society for Research in Child Development},
	Title = {Breaking the language barrier: An emergentist coalition model for the origins of word learning},
	Volume = {65},
	Year = {2000}}

@phdthesis{horning1969,
	Author = {Horning, J.J.},
	Date-Added = {2012-01-22 23:02:42 +0000},
	Date-Modified = {2012-01-22 23:02:42 +0000},
	School = {Dept. of Computer Science, Stanford University.},
	Title = {A study of grammatical inference},
	Year = {1969}}

@article{horst2008,
	Author = {Horst, J.S. and Samuelson, L.K.},
	Date-Added = {2012-01-22 23:02:42 +0000},
	Date-Modified = {2012-01-22 23:02:42 +0000},
	Journal = {Infancy},
	Number = {2},
	Pages = {128--157},
	Publisher = {Psychology Press},
	Title = {Fast mapping but poor retention by 24-month-old infants},
	Volume = {13},
	Year = {2008}}

@article{hudson-kam2005,
	Author = {Hudson-Kam, C. L. and Newport, E. L.},
	Date-Added = {2012-01-22 23:02:42 +0000},
	Date-Modified = {2012-01-22 23:02:42 +0000},
	Journal = {Language Learning and Development},
	Pages = {151-195},
	Title = {Regularizing unpredictable variation: The roles of adult and child learners in language formation and change},
	Volume = {1},
	Year = {2005}}

@article{hunter1988,
	Author = {Hunter, M.A. and Ames, E.W.},
	Date-Added = {2012-01-22 23:02:42 +0000},
	Date-Modified = {2012-01-22 23:02:42 +0000},
	Journal = {Advances in infancy research},
	Pages = {69--95},
	Title = {A multifactor model of infant preferences for novel and familiar stimuli},
	Volume = {5},
	Year = {1988}}

@article{hurtado2008,
	Author = {Hurtado, N. and Marchman, V.A. and Fernald, A.},
	Date-Added = {2012-01-22 23:02:42 +0000},
	Date-Modified = {2012-01-22 23:02:42 +0000},
	Journal = {Developmental Science},
	Number = {6},
	Pages = {F31--F39},
	Title = {Does input influence uptake? Links between maternal talk, processing speed and vocabulary size in Spanish-learning children},
	Volume = {11},
	Year = {2008}}

@article{huttenlocher1991,
	Author = {Huttenlocher, J. and Haight, W. and Bryk, A. and Seltzer, M. and Lyons, T.},
	Date-Added = {2012-01-22 23:02:42 +0000},
	Date-Modified = {2012-01-22 23:02:42 +0000},
	Journal = {Developmental Psychology},
	Number = {2},
	Pages = {236--248},
	Title = {Early vocabulary growth: Relation to language input and gender.},
	Volume = {27},
	Year = {1991}}

@inproceedings{ichinco2009,
	Author = {Ichinco, D. and Frank, M.C. and Saxe, R.},
	Booktitle = {{Proceedings of the 31st Annual Meeting of the Cognitive Science Society}},
	Date-Added = {2012-01-22 23:02:42 +0000},
	Date-Modified = {2012-01-22 23:02:42 +0000},
	Title = {Cross-situational Word Learning Respects Mutual Exclusivity},
	Year = {2009}}

@article{jaswal2006,
	Author = {Jaswal, V.K. and Hansen, M.B.},
	Date-Added = {2012-01-22 23:02:42 +0000},
	Date-Modified = {2012-01-22 23:02:42 +0000},
	Journal = {Developmental Science},
	Number = {2},
	Pages = {158},
	Publisher = {BLACKWELL PUBLISHERS},
	Title = {Learning words: children disregard some pragmatic information that conflicts with mutual exclusivity},
	Volume = {9},
	Year = {2006}}

@article{johnson2001,
	Author = {Johnson, E.K. and Jusczyk, P.W.},
	Date-Added = {2012-01-22 23:02:42 +0000},
	Date-Modified = {2012-01-22 23:02:42 +0000},
	Journal = {Journal of Memory and Language},
	Number = {4},
	Pages = {548--567},
	Publisher = {Elsevier},
	Title = {Word Segmentation by 8-Month-Olds: When Speech Cues Count More Than Statistics},
	Volume = {44},
	Year = {2001}}

@article{johnson2007,
	Author = {Johnson, M. and Griffiths, T.L. and Goldwater, S.},
	Date-Added = {2012-01-22 23:02:42 +0000},
	Date-Modified = {2012-01-22 23:02:42 +0000},
	Journal = {Advances in Neural Information Processing Systems},
	Pages = {641},
	Publisher = {Citeseer},
	Title = {Adaptor grammars: A framework for specifying compositional nonparametric Bayesian models},
	Volume = {19},
	Year = {2007}}

@inproceedings{johnson2008,
	Author = {Johnson, M.},
	Booktitle = {46th Annual Meeting of the ACL},
	Date-Added = {2012-01-22 23:02:42 +0000},
	Date-Modified = {2012-01-22 23:02:42 +0000},
	Organization = {Citeseer},
	Pages = {398--406},
	Title = {Using adaptor grammars to identify synergies in the unsupervised acquisition of linguistic structure},
	Year = {2008}}

@conference{johnson2008b,
	Author = {Johnson, M.},
	Booktitle = {Proceedings of the Tenth Meeting of ACL Special Interest Group on Computational Morphology and Phonology},
	Date-Added = {2012-01-22 23:02:42 +0000},
	Date-Modified = {2012-01-22 23:02:42 +0000},
	Organization = {Association for Computational Linguistics},
	Pages = {20--27},
	Title = {Unsupervised word segmentation for sesotho using adaptor grammars},
	Year = {2008}}

@inproceedings{johnson2009,
	Author = {Johnson, M. H. and Goldwater, S.},
	Booktitle = {Proceedings of Human Language Technologies: The 2009 Annual Conference of the North American Chapter of the Association for Computational Linguistics},
	Date-Added = {2012-01-22 23:02:42 +0000},
	Date-Modified = {2012-01-22 23:02:42 +0000},
	Pages = {317-325},
	Title = {Improving nonparameteric Bayesian inference: experiments on unsupervised word segmentation with adaptor grammars},
	Year = {2009}}

@article{johnson2010,
	Author = {Johnson, M. and Demuth, K. and Frank, M. and Jones, B.},
	Date-Added = {2012-01-22 23:02:42 +0000},
	Date-Modified = {2012-01-22 23:02:42 +0000},
	Journal = {Advances in Neural Information Processing Systems},
	Title = {Synergies in learning words and their referents},
	Year = {2010}}

@conference{johnson2011,
	Author = {Johnson, S. P. and Gillespie, K. and Frank, M. C. and Frankenhuis, W. and Jeste, S. S. and Dapretto, M. and Hutman, T.},
	Booktitle = {International Meeting for Autism Research (IMFAR)},
	Date-Added = {2012-01-22 23:02:42 +0000},
	Date-Modified = {2012-01-22 23:02:42 +0000},
	Title = {Reduced Attention to Social Content In Preverbal Infants at Risk for Autism},
	Year = {2011}}

@article{jones1991,
	Author = {Jones, S.S. and Smith, L.B. and Landau, B.},
	Date-Added = {2012-01-22 23:02:42 +0000},
	Date-Modified = {2012-01-22 23:02:42 +0000},
	Journal = {Child development},
	Number = {3},
	Pages = {499--516},
	Publisher = {University of Chicago Press},
	Title = {Object properties and knowledge in early lexical learning},
	Volume = {62},
	Year = {1991}}

@inproceedings{jones2010,
	Author = {Jones, B. and Johnson, M. and Frank, M. C.},
	Booktitle = {{Proceedings of Human Language Technologies: The 2010 Annual Conference of the North American Chapter of the Association for Computational Linguistics}},
	Date-Added = {2012-01-22 23:02:42 +0000},
	Date-Modified = {2012-01-22 23:02:42 +0000},
	Title = {Learning Words and Their Meanings from Unsegmented Child-directed Speech},
	Year = {2010}}

@article{jonesinpress,
	Author = {Jones, D.},
	Date-Added = {2012-01-22 23:02:42 +0000},
	Date-Modified = {2012-01-22 23:02:42 +0000},
	Journal = {Behavioral and Brain Sciences},
	Title = {Human kinship, from conceptual structure to grammar},
	Year = {in press}}

@book{jurafsky2000,
	Author = {Jurafsky, D. and Martin, J.H. and Kehler, A.},
	Date-Added = {2012-01-22 23:02:42 +0000},
	Date-Modified = {2012-01-22 23:02:42 +0000},
	Publisher = {MIT Press},
	Title = {Speech and language processing: An introduction to natural language processing, computational linguistics, and speech recognition},
	Year = {2000}}

@book{jusczyk2000,
	Author = {Jusczyk, P.W.},
	Date-Added = {2012-01-22 23:02:42 +0000},
	Date-Modified = {2012-01-22 23:02:42 +0000},
	Publisher = {The MIT Press},
	Title = {The discovery of spoken language},
	Year = {2000}}

@inproceedings{kachergis2009,
	Author = {Kachergis, G. and Yu, C. and Shiffrin, R.M.},
	Booktitle = {Proceedings of the 31st Annual Conference of the Cognitive Science Society. Austin, TX: Cognitive Science Society},
	Date-Added = {2012-01-22 23:02:42 +0000},
	Date-Modified = {2012-01-22 23:02:42 +0000},
	Title = {Frequency and Contextual Diversity Effects in Cross-Situational Word Learning},
	Year = {2009}}

@article{kachergis2010,
	Author = {Kachergis, G. and Yu, C. and Shiffrin, R.M.},
	Date-Added = {2012-01-22 23:02:42 +0000},
	Date-Modified = {2012-01-22 23:02:42 +0000},
	Journal = {T. Gangwani/IUJCS},
	Pages = {14},
	Title = {Temporal Contiguity in Cross-Situational Statistical Learning},
	Volume = {5},
	Year = {2010}}

@conference{kate2006,
	Author = {Kate, R.J. and Mooney, R.J.},
	Booktitle = {Proceedings of the 21st International Conference on Computational Linguistics and the 44th annual meeting of the Association for Computational Linguistics},
	Date-Added = {2012-01-22 23:02:42 +0000},
	Date-Modified = {2012-01-22 23:02:42 +0000},
	Organization = {Association for Computational Linguistics},
	Pages = {913--920},
	Title = {Using string-kernels for learning semantic parsers},
	Year = {2006}}

@incollection{kawamoto1986,
	Author = {Kawamoto, A. H. and McClelland, J.L.},
	Booktitle = {{Parallel distributed processing, Vol. 2: Psychological and biological models}},
	Chapter = {19},
	Date-Added = {2012-01-22 23:02:42 +0000},
	Date-Modified = {2012-01-22 23:02:42 +0000},
	Pages = {195--248},
	Publisher = {Lawrence Erlbaum Associates},
	Title = {Mechanisms of sentence processing: Assigning roles to constituents of sentences},
	Year = {1987}}

@article{kemp2007,
	Author = {Kemp, C. and Perfors, A. and Tenenbaum, J.B.},
	Date-Added = {2012-01-22 23:02:42 +0000},
	Date-Modified = {2012-01-22 23:02:42 +0000},
	Journal = {Developmental Science},
	Number = {3},
	Pages = {307--321},
	Publisher = {Citeseer},
	Title = {Learning overhypotheses with hierarchical Bayesian models},
	Volume = {10},
	Year = {2007}}

@article{kemp2008,
	Author = {Kemp, C. and Goodman, N.D. and Tenenbaum, J.B.},
	Date-Added = {2012-01-22 23:02:42 +0000},
	Date-Modified = {2012-01-22 23:02:42 +0000},
	Journal = {Advances in Neural Information Processing Systems},
	Pages = {753--760},
	Publisher = {Citeseer},
	Title = {Learning and using relational theories},
	Volume = {20},
	Year = {2008}}

@article{kirkham2002,
	Author = {Kirkham, N. Z. and Slemmer, J. A. and Johnson, S. P.},
	Date-Added = {2012-01-22 23:02:42 +0000},
	Date-Modified = {2012-01-22 23:02:42 +0000},
	Journal = {Cognition},
	Pages = {B35-B42},
	Title = {Visual statistical learning in infancy: evidence for a domain general learning mechanism},
	Volume = {83},
	Year = {2002}}

@article{klein2005,
	Author = {Klein, D. and Manning, C. D.},
	Date-Added = {2012-01-22 23:02:42 +0000},
	Date-Modified = {2012-01-22 23:02:42 +0000},
	Journal = {Pattern Recognition},
	Pages = {1407--1419},
	Title = {Natural language grammar induction with a generative constituent-context model},
	Volume = {38},
	Year = {2005}}

@article{kochanski2005,
	Author = {Kochanski, G. and Grabe, E. and Coleman, J. and Rosner, B.},
	Date-Added = {2012-01-22 23:02:42 +0000},
	Date-Modified = {2012-01-22 23:02:42 +0000},
	Journal = {The Journal of the Acoustical Society of America},
	Pages = {1038},
	Title = {{Loudness predicts prominence: Fundamental frequency lends little}},
	Volume = {118},
	Year = {2005}}

@inproceedings{kolsch2004,
	Author = {Kolsch, M. and Turk, M.},
	Booktitle = {{Proceedings of the Sixth IEEE International Conference on Automatic Face and Gesture Recognition}},
	Date-Added = {2012-01-22 23:02:42 +0000},
	Date-Modified = {2012-01-22 23:02:42 +0000},
	Organization = {Citeseer},
	Title = {Robust hand detection},
	Year = {2004}}

@article{kuhl1975,
	Author = {Kuhl, PK and Miller, JD},
	Date-Added = {2012-01-22 23:02:42 +0000},
	Date-Modified = {2012-01-22 23:02:42 +0000},
	Journal = {Science},
	Number = {4209},
	Pages = {69},
	Publisher = {AAAS},
	Title = {Speech perception by the chinchilla: Voiced-voiceless distinction in alveolar plosive consonants},
	Volume = {190},
	Year = {1975}}

@article{kuhl1992,
	Author = {Kuhl, P.K. and Williams, K.A. and Lacerda, F. and Stevens, K. N. and Lindbloom, B.},
	Date-Added = {2012-01-22 23:02:42 +0000},
	Date-Modified = {2012-01-22 23:02:42 +0000},
	Journal = {Science},
	Pages = {606--608},
	Title = {Linguistic experience alters phonetic perception in infants by 6 months of age},
	Volume = {255},
	Year = {1992}}

@article{kuhl2000,
	Author = {Kuhl, P.K.},
	Date-Added = {2012-01-22 23:02:42 +0000},
	Date-Modified = {2012-01-22 23:02:42 +0000},
	Journal = {Proceedings of the National Academy of Sciences of the United States of America},
	Number = {22},
	Pages = {11850},
	Publisher = {National Acad Sciences},
	Title = {A new view of language acquisition},
	Volume = {97},
	Year = {2000}}

@article{kuhl2004,
	Author = {Kuhl, P.K.},
	Date-Added = {2012-01-22 23:02:42 +0000},
	Date-Modified = {2012-01-22 23:02:42 +0000},
	Journal = {Nature reviews neuroscience},
	Number = {11},
	Pages = {831--843},
	Publisher = {Nature Publishing Group},
	Title = {Early language acquisition: cracking the speech code},
	Volume = {5},
	Year = {2004}}

@incollection{kuntay1996,
	Author = {Kuntay, A. and Slobin, D. I.},
	Booktitle = {Social interaction, social context, and language},
	Date-Added = {2012-01-22 23:02:42 +0000},
	Date-Modified = {2012-01-22 23:02:42 +0000},
	Journal = {Social interaction, social context, and language: essays in honor of Susan Ervin-Tripp},
	Pages = {265},
	Publisher = {Listening to a Turkish mother: some puzzles for acquisition},
	Title = {Listening to a Turkish mother: some puzzles for acquisition},
	Year = {1996}}

@book{landau1985,
	Author = {Landau, B. and Gleitman, L.R.},
	Date-Added = {2012-01-22 23:02:42 +0000},
	Date-Modified = {2012-01-22 23:02:42 +0000},
	Publisher = {Harvard University Press Cambridge, Mass.},
	Title = {Language and experience: Evidence from the blind child},
	Year = {1985}}

@article{landau1988,
	Author = {Landau, B. and Smith, L.B. and Jones, S.S.},
	Date-Added = {2012-01-22 23:02:42 +0000},
	Date-Modified = {2012-01-22 23:02:42 +0000},
	Journal = {Cognitive Development},
	Number = {3},
	Pages = {299--321},
	Title = {The importance of shape in early lexical learning},
	Volume = {3},
	Year = {1988}}

@article{landau1992,
	Author = {Landau, B. and Smith, L.B. and Jones, S.},
	Date-Added = {2012-01-22 23:02:42 +0000},
	Date-Modified = {2012-01-22 23:02:42 +0000},
	Journal = {Journal of Memory and Language},
	Number = {6},
	Pages = {807--825},
	Title = {Syntactic context and the shape bias in children's and adults' lexical learning.},
	Volume = {31},
	Year = {1992}}

@book{lenneberg1967,
	Address = {New York},
	Author = {Lenneberg, E. H.},
	Date-Added = {2012-01-22 23:02:42 +0000},
	Date-Modified = {2012-01-22 23:02:42 +0000},
	Publisher = {Wiley},
	Title = {Biological foundations of language},
	Year = {1967}}

@article{lester1985,
	Author = {Lester, B.M. and Hoffman, J. and Brazelton, T.B.},
	Date-Added = {2012-01-22 23:02:42 +0000},
	Date-Modified = {2012-01-22 23:02:42 +0000},
	Journal = {Child Development},
	Number = {1},
	Pages = {15--27},
	Publisher = {University of Chicago Press},
	Title = {The rhythmic structure of mother-infant interaction in term and preterm infants},
	Volume = {56},
	Year = {1985}}

@article{levy2008,
	Author = {Levy, R.},
	Date-Added = {2012-01-22 23:02:42 +0000},
	Date-Modified = {2012-01-22 23:02:42 +0000},
	Journal = {Cognition},
	Number = {3},
	Pages = {1126--1177},
	Publisher = {Elsevier},
	Title = {Expectation-based syntactic comprehension},
	Volume = {106},
	Year = {2008}}

@article{li2002,
	Author = {Li, P. and Farkas, I.},
	Date-Added = {2012-01-22 23:02:42 +0000},
	Date-Modified = {2012-01-22 23:02:42 +0000},
	Journal = {Bilingual sentence processing},
	Pages = {59--85},
	Publisher = {North-Holland},
	Title = {A self-organizing connectionist model of bilingual processing},
	Year = {2002}}

@article{li2004,
	Author = {Li, P. and Farkas, I. and MacWhinney, B.},
	Date-Added = {2012-01-22 23:02:42 +0000},
	Date-Modified = {2012-01-22 23:02:42 +0000},
	Journal = {Neural Networks},
	Number = {8-9},
	Pages = {1345--1362},
	Publisher = {Elsevier},
	Title = {Early lexical development in a self-organizing neural network},
	Volume = {17},
	Year = {2004}}

@article{li2007,
	Author = {Li, P. and Zhao, X. and Whinney, B.M.},
	Date-Added = {2012-01-22 23:02:42 +0000},
	Date-Modified = {2012-01-22 23:02:42 +0000},
	Journal = {Cognitive Science: A Multidisciplinary Journal},
	Number = {4},
	Pages = {581--612},
	Publisher = {Psychology Press},
	Title = {Dynamic self-organization and early lexical development in children},
	Volume = {31},
	Year = {2007}}

@inproceedings{liang2009,
	Author = {Liang, P. and Klein, D.},
	Booktitle = {{Proceedings of Human Language Technologies: The 2009 Annual Conference of the North American Chapter of the Association for Computational Linguistics}},
	Date-Added = {2012-01-22 23:02:42 +0000},
	Date-Modified = {2012-01-22 23:02:42 +0000},
	Organization = {Association for Computational Linguistics},
	Pages = {611--619},
	Title = {{Online EM for Unsupervised Models}},
	Year = {2009}}

@book{lieberman2002,
	Address = {Cambridge, MA},
	Author = {Lieberman, P.},
	Date-Added = {2012-01-22 23:02:42 +0000},
	Date-Modified = {2012-01-22 23:02:42 +0000},
	Publisher = {Harvard University Press},
	Title = {Human language and our reptilian brain: the subcortical bases of speech, syntax, and thought},
	Year = {2002}}

@book{locke1847,
	Author = {Locke, J.},
	Date-Added = {2012-01-22 23:02:42 +0000},
	Date-Modified = {2012-01-22 23:02:42 +0000},
	Publisher = {Troutman \& Hayes},
	Title = {An essay concerning human understanding},
	Year = {1847}}

@incollection{luce1963,
	Address = {New York},
	Author = {Luce, R. D.},
	Booktitle = {Handbook of Mathematical Psychology},
	Date-Added = {2012-01-22 23:02:42 +0000},
	Date-Modified = {2012-01-22 23:02:42 +0000},
	Editor = {Luce, R. D. and Bush, R. R. and Galanter, E.},
	Publisher = {Wiley},
	Title = {Detection and recognition},
	Year = {1963}}

@article{luyster2008,
	Author = {Luyster, R.J. and Kadlec, M.B. and Carter, A. and Tager-Flusberg, H.},
	Date-Added = {2012-01-22 23:02:42 +0000},
	Date-Modified = {2012-01-22 23:02:42 +0000},
	Journal = {Journal of Autism and Developmental Disorders},
	Number = {8},
	Pages = {1426--1438},
	Publisher = {Springer},
	Title = {Language assessment and development in toddlers with autism spectrum disorders},
	Volume = {38},
	Year = {2008}}

@article{mackay1994,
	Author = {David J. C. MacKay and Linda C. Bauman Peto},
	Date-Added = {2012-01-22 23:02:42 +0000},
	Date-Modified = {2012-01-22 23:02:42 +0000},
	Journal = {Natural Language Engineering},
	Pages = {1--19},
	Title = {A Hierarchical Dirichlet Language Model},
	Volume = {1},
	Year = {1994}}

@article{macwhinney1989,
	Author = {MacWhinney, B.},
	Date-Added = {2012-01-22 23:02:42 +0000},
	Date-Modified = {2012-01-22 23:02:42 +0000},
	Journal = {Linguistic categorization},
	Pages = {195--242},
	Publisher = {John Benjamins Publishing Co},
	Title = {Competition and lexical categorization},
	Year = {1989}}

@book{macwhinney2000,
	Address = {Mahwah, NJ},
	Author = {MacWhinney, B.},
	Date-Added = {2012-01-22 23:02:42 +0000},
	Date-Modified = {2012-01-22 23:02:42 +0000},
	Publisher = {Lawrence Erlbaum Associates},
	Title = {{The CHILDES Project: Tools for Analyzing Talk. Third Edition.}},
	Url = {http://books.google.com/books?hl=en&lr=&id=liXakW37ifQC&oi=fnd&pg=IA1&dq=childes+macwhinney&ots=onycIJhvjr&sig=xd_aVFOwYF4Y0StYGkznq6lF7rs},
	Year = {2000},
	Bdsk-Url-1 = {http://books.google.com/books?hl=en&lr=&id=liXakW37ifQC&oi=fnd&pg=IA1&dq=childes+macwhinney&ots=onycIJhvjr&sig=xd_aVFOwYF4Y0StYGkznq6lF7rs}}

@article{macwhinney2004,
	Author = {MacWhinney, B.},
	Date-Added = {2012-01-22 23:02:42 +0000},
	Date-Modified = {2012-01-22 23:02:42 +0000},
	Journal = {Journal of Child Language},
	Number = {04},
	Pages = {883--914},
	Publisher = {Cambridge Univ Press},
	Title = {A multiple process solution to the logical problem of language acquisition},
	Volume = {31},
	Year = {2004}}

@book{manning2000,
	Author = {Manning, C. D. and Sch\"utze, H.},
	Date-Added = {2012-01-22 23:02:42 +0000},
	Date-Modified = {2012-01-22 23:02:42 +0000},
	Publisher = {MIT Press},
	Title = {Foundations of statistical natural language processing},
	Year = {2000}}

@article{maratsos1980,
	Author = {Maratsos, M. and Chalkley, M.A.},
	Date-Added = {2012-01-22 23:02:42 +0000},
	Date-Modified = {2012-01-22 23:02:42 +0000},
	Journal = {Children's language},
	Pages = {127--214},
	Publisher = {Gardner Press},
	Title = {The internal language of children's syntax: The ontogenesis and representation of syntactic categories},
	Volume = {2},
	Year = {1980}}

@article{marchman2008,
	Author = {Marchman, V.A. and Fernald, A.},
	Date-Added = {2012-01-22 23:02:42 +0000},
	Date-Modified = {2012-01-22 23:02:42 +0000},
	Journal = {Developmental Science},
	Number = {3},
	Pages = {F9--F16},
	Publisher = {John Wiley \& Sons},
	Title = {Speed of word recognition and vocabulary knowledge in infancy predict cognitive and language outcomes in later childhood},
	Volume = {11},
	Year = {2008}}

@article{marcus1995,
	Author = {Marcus, G.F.},
	Date-Added = {2012-01-22 23:02:42 +0000},
	Date-Modified = {2012-01-22 23:02:42 +0000},
	Journal = {Cognition},
	Number = {3},
	Pages = {271--279},
	Publisher = {Elsevier},
	Title = {The acquisition of the English past tense in children and multilayered connectionist networks},
	Volume = {56},
	Year = {1995}}

@article{marcus1999,
	Author = {Marcus, G. F. and Vijayan, S. and Bandi Rao, S. and Vishton, P. M.},
	Date-Added = {2012-01-22 23:02:42 +0000},
	Date-Modified = {2012-01-22 23:02:42 +0000},
	Journal = {Science},
	Number = {5398},
	Pages = {77},
	Publisher = {AAAS},
	Title = {Rule learning by seven-month-old infants},
	Volume = {283},
	Year = {1999}}

@article{marcus2007,
	Author = {Marcus, G. F. and Fernandes, K. J. and Johnson, S. P.},
	Date-Added = {2012-01-22 23:02:42 +0000},
	Date-Modified = {2012-01-22 23:02:42 +0000},
	Journal = {Psychological Science},
	Number = {5},
	Pages = {387},
	Publisher = {Blackwell Publishing Ltd},
	Title = {Infant rule learning facilitated by speech},
	Volume = {18},
	Year = {2007}}

@article{marinari1992,
	Author = {Marinari, E. and Parisi, G.},
	Date-Added = {2012-01-22 23:02:42 +0000},
	Date-Modified = {2012-01-22 23:02:42 +0000},
	Journal = {EPL (Europhysics Letters)},
	Pages = {451},
	Publisher = {IOP Publishing},
	Title = {Simulated tempering: a new Monte Carlo scheme},
	Volume = {19},
	Year = {1992}}

@article{markman1988,
	Author = {Markman, E. M. and Wachtel, G. F.},
	Date-Added = {2012-01-22 23:02:42 +0000},
	Date-Modified = {2012-01-22 23:02:42 +0000},
	Journal = {Cognitive Psychology},
	Pages = {121--157},
	Publisher = {Elsevier},
	Title = {Children's use of mutual exclusivity to constrain the meanings of words},
	Volume = {20},
	Year = {1988}}

@book{markman1991,
	Author = {Markman, E. M.},
	Date-Added = {2012-01-22 23:02:42 +0000},
	Date-Modified = {2012-01-22 23:02:42 +0000},
	Publisher = {The MIT Press},
	Title = {Categorization and naming in children: Problems of induction},
	Year = {1991}}

@article{markman2003,
	Author = {Markman, E. M. and Wasow, J. L. and Hansen, M. B.},
	Date-Added = {2012-01-22 23:02:42 +0000},
	Date-Modified = {2012-01-22 23:02:42 +0000},
	Journal = {Cognitive Psychology},
	Number = {3},
	Pages = {241--275},
	Publisher = {Elsevier},
	Title = {Use of the mutual exclusivity assumption by young word learners},
	Volume = {47},
	Year = {2003}}

@article{markson1997,
	Author = {Markson, L. and Bloom, P.},
	Date-Added = {2012-01-22 23:02:42 +0000},
	Date-Modified = {2012-01-22 23:02:42 +0000},
	Journal = {Nature},
	Pages = {813--815},
	Title = {Evidence against a dedicated system for word learning in children},
	Volume = {385},
	Year = {1997}}

@book{marr1982,
	Address = {New York, NY},
	Author = {Marr, D.},
	Date-Added = {2012-01-22 23:02:42 +0000},
	Date-Modified = {2012-01-22 23:02:42 +0000},
	Publisher = {Henry Holt and Co.},
	Title = {Vision: A computational investigation into the human representation and processing of visual information},
	Year = {1982}}

@article{mattys2005,
	Author = {Mattys, SL and White, L. and Melhorn, JF},
	Date-Added = {2012-01-22 23:02:42 +0000},
	Date-Modified = {2012-01-22 23:02:42 +0000},
	Journal = {Journal of Experimental Psychology: General},
	Pages = {477--500},
	Title = {Integration of multiple speech segmentation cues: A hierarchical framework},
	Volume = {134},
	Year = {2005}}

@article{mawhood2000,
	Author = {Mawhood, L. and Howlin, P. and Rutter, M.},
	Date-Added = {2012-01-22 23:02:42 +0000},
	Date-Modified = {2012-01-22 23:02:42 +0000},
	Journal = {Journal of Child Psychology and Psychiatry},
	Number = {5},
	Pages = {547--559},
	Publisher = {Wiley Online Library},
	Title = {Autism and Developmental Receptive Language Disordera Comparative Follow-up in Early Adult Life. I: Cognitive and Language Outcomes},
	Volume = {41},
	Year = {2000}}

@article{maye2002,
	Author = {Maye, J. and Werker, J.F. and Gerken, L.A.},
	Date-Added = {2012-01-22 23:02:42 +0000},
	Date-Modified = {2012-01-22 23:02:42 +0000},
	Journal = {Cognition},
	Title = {Infant sensitivity to distributional information can affect phonetic discrimination},
	Volume = {82},
	Year = {2002}}

@article{maye2008,
	Author = {Maye, J. and Weiss, D.J. and Aslin, R.N.},
	Date-Added = {2012-01-22 23:02:42 +0000},
	Date-Modified = {2012-01-22 23:02:42 +0000},
	Journal = {Developmental Science},
	Number = {1},
	Pages = {122},
	Publisher = {Citeseer},
	Title = {Statistical phonetic learning in infants: Facilitation and feature generalization},
	Volume = {11},
	Year = {2008}}

@article{mcmurray2009,
	Author = {McMurray, B. and Aslin, R.N. and Toscano, J.C.},
	Date-Added = {2012-01-22 23:02:42 +0000},
	Date-Modified = {2012-01-22 23:02:42 +0000},
	Journal = {Developmental science},
	Number = {3},
	Pages = {369},
	Publisher = {NIH Public Access},
	Title = {Statistical learning of phonetic categories: insights from a computational approach},
	Volume = {12},
	Year = {2009}}

@article{mcmurray2010,
	Author = {McMurray, B. and Horst, J. S. and Samuelson, L. K.},
	Date-Added = {2012-01-22 23:02:42 +0000},
	Date-Modified = {2012-01-22 23:02:42 +0000},
	Title = {Using your lexicon at two timescales: Investigating the interplay of word learning and recognition},
	Year = {under review}}

@conference{medina2009,
	Address = {San Francisco, CA},
	Author = {Medina,T. N. and Trueswell, J. C. and Snedeker, J. and Gleitman, L.},
	Booktitle = {The Annual Meeting of the Linguistic Society of America},
	Date-Added = {2012-01-22 23:02:42 +0000},
	Date-Modified = {2012-01-22 23:02:42 +0000},
	Title = {Rapid Word Learning Under Realistic Learning Conditions.},
	Year = {2009}}

@article{medina2011,
	Author = {Medina, T.N. and Snedeker, J. and Trueswell, J.C. and Gleitman, L.R.},
	Date-Added = {2012-01-22 23:02:42 +0000},
	Date-Modified = {2012-01-22 23:02:42 +0000},
	Journal = {Proceedings of the National Academy of Sciences},
	Number = {22},
	Pages = {9014},
	Publisher = {National Acad Sciences},
	Title = {How words can and cannot be learned by observation},
	Volume = {108},
	Year = {2011}}

@article{mervis1994,
	Author = {Mervis, C.B. and Bertrand, J.},
	Date-Added = {2012-01-22 23:02:42 +0000},
	Date-Modified = {2012-01-22 23:02:42 +0000},
	Journal = {Child Development},
	Number = {6},
	Pages = {1646--1662},
	Publisher = {University of Chicago Press},
	Title = {Acquisition of the novel name-nameless category (N3C) principle},
	Volume = {65},
	Year = {1994}}

@article{mikhail2007,
	Author = {Mikhail, J.},
	Date-Added = {2012-01-22 23:02:42 +0000},
	Date-Modified = {2012-01-22 23:02:42 +0000},
	Journal = {Trends in Cognitive Sciences},
	Number = {4},
	Pages = {143--152},
	Publisher = {Elsevier},
	Title = {Universal moral grammar: theory, evidence and the future},
	Volume = {11},
	Year = {2007}}

@article{mintz2002,
	Author = {Mintz, T.H. and Newport, E.L. and Bever, T.G.},
	Date-Added = {2012-01-22 23:02:42 +0000},
	Date-Modified = {2012-01-22 23:02:42 +0000},
	Journal = {Cognitive Science: A Multidisciplinary Journal},
	Number = {4},
	Pages = {393--424},
	Publisher = {Psychology Press},
	Title = {The distributional structure of grammatical categories in speech to young children},
	Volume = {26},
	Year = {2002}}

@article{mintz2002b,
	Author = {Mintz, T.H.},
	Date-Added = {2012-01-22 23:02:42 +0000},
	Date-Modified = {2012-01-22 23:02:42 +0000},
	Journal = {Memory and Cognition},
	Pages = {678--686},
	Publisher = {Psychonomic Society},
	Title = {Category induction from distributional cues in an artificial language},
	Volume = {30},
	Year = {2002}}

@article{mintz2003,
	Author = {Mintz, T.H.},
	Date-Added = {2012-01-22 23:02:42 +0000},
	Date-Modified = {2012-01-22 23:02:42 +0000},
	Journal = {Cognition},
	Number = {1},
	Pages = {91--117},
	Publisher = {Elsevier},
	Title = {Frequent frames as a cue for grammatical categories in child directed speech},
	Volume = {90},
	Year = {2003}}

@article{morgan1981,
	Author = {Morgan, J.L. and Newport, E.L.},
	Date-Added = {2012-01-22 23:02:42 +0000},
	Date-Modified = {2012-01-22 23:02:42 +0000},
	Journal = {Journal of Verbal Learning \& Verbal Behavior. Vol},
	Number = {1},
	Pages = {67--85},
	Title = {The role of constituent structure in the induction of an artificial language.},
	Volume = {20},
	Year = {1981}}

@article{morton1991conspec,
	Author = {Morton, J. and Johnson, M.H.},
	Date-Added = {2012-01-22 23:02:42 +0000},
	Date-Modified = {2012-01-22 23:02:42 +0000},
	Journal = {Psychological Review},
	Number = {2},
	Pages = {164},
	Publisher = {American Psychological Association},
	Title = {CONSPEC and CONLERN: A two-process theory of infant face recognition.},
	Volume = {98},
	Year = {1991}}

@article{nadig2002,
	Author = {Nadig, A.S. and Sedivy, J.C.},
	Date-Added = {2012-01-22 23:02:42 +0000},
	Date-Modified = {2012-01-22 23:02:42 +0000},
	Journal = {Psychological Science},
	Number = {4},
	Pages = {329},
	Publisher = {SAGE Publications},
	Title = {Evidence of perspective-taking constraints in children's on-line reference resolution},
	Volume = {13},
	Year = {2002}}

@article{navarro2009,
	Author = {Navarro, D. J. and Perfors, A. F.},
	Date-Added = {2012-01-22 23:02:42 +0000},
	Date-Modified = {2012-01-22 23:02:42 +0000},
	Journal = {Acta Psychologica},
	Title = {Similarity, Bayesian inference and the central limit theore},
	Year = {2009}}

@book{nisbett2009,
	Author = {Nisbett, R.E.},
	Date-Added = {2012-01-22 23:02:42 +0000},
	Date-Modified = {2012-01-22 23:02:42 +0000},
	Publisher = {WW Norton \& Company},
	Title = {Intelligence and how to get it: Why schools and cultures count},
	Year = {2009}}

@article{noveck2001,
	Author = {Noveck, I.A.},
	Date-Added = {2012-01-22 23:02:42 +0000},
	Date-Modified = {2012-01-22 23:02:42 +0000},
	Journal = {Cognition},
	Number = {2},
	Pages = {165--188},
	Publisher = {Elsevier},
	Title = {When children are more logical than adults: Experimental investigations of scalar implicature},
	Volume = {78},
	Year = {2001}}

@article{nowak2002,
	Author = {Nowak, M.A. and Komarova, N.L. and Niyogi, P.},
	Date-Added = {2012-01-22 23:02:42 +0000},
	Date-Modified = {2012-01-22 23:02:42 +0000},
	Journal = {Nature},
	Number = {6889},
	Pages = {611--617},
	Publisher = {Nature Publishing Group},
	Title = {Computational and evolutionary aspects of language},
	Volume = {417},
	Year = {2002}}

@book{ochs1988,
	Address = {Cambridge, UK},
	Author = {Ochs, E.},
	Date-Added = {2012-01-22 23:02:42 +0000},
	Date-Modified = {2012-01-22 23:02:42 +0000},
	Publisher = {Cambridge University Press},
	Title = {{Culture and language development: Language acquisition and language socialization in a Samoan village}},
	Year = {1988}}

@book{odonnell1992,
	Author = {O'Donnell, J. and Augustinus, A.},
	Date-Added = {2012-01-22 23:02:42 +0000},
	Date-Modified = {2012-01-22 23:02:42 +0000},
	Publisher = {Clarendon Press},
	Title = {Augustine, Confessions},
	Year = {1992}}

@techreport{odonnell2009,
	Author = {O'Donnell, T. J. and Tenenbaum, J. B. and Goodman, N. D.},
	Date-Added = {2012-01-22 23:02:42 +0000},
	Date-Modified = {2012-01-22 23:02:42 +0000},
	Institution = {Massachusetts Institute of Technology},
	Number = {CSAIL-TR-2009-013},
	Title = {Fragment Grammars: Exploring Computation and Reuse in Language},
	Year = {2009}}

@article{oller2010,
	Author = {Oller, DK and Niyogi, P. and Gray, S. and Richards, JA and Gilkerson, J. and Xu, D. and Yapanel, U. and Warren, SF},
	Date-Added = {2012-01-22 23:02:42 +0000},
	Date-Modified = {2012-01-22 23:02:42 +0000},
	Journal = {Proceedings of the National Academy of Sciences},
	Number = {30},
	Pages = {13354--13359},
	Publisher = {National Acad Sciences},
	Title = {Automated vocal analysis of naturalistic recordings from children with autism, language delay, and typical development},
	Volume = {107},
	Year = {2010}}

@article{onnis2008,
	Author = {Onnis, L. and Waterfall, H.R. and Edelman, S.},
	Date-Added = {2012-01-22 23:02:42 +0000},
	Date-Modified = {2012-01-22 23:02:42 +0000},
	Journal = {Cognition},
	Number = {3},
	Pages = {423--430},
	Publisher = {Elsevier},
	Title = {Learn locally, act globally: Learning language from variation set cues},
	Volume = {109},
	Year = {2008}}

@article{oppenheimer2009,
	Author = {Oppenheimer, D.M. and Meyvis, T. and Davidenko, N.},
	Date-Added = {2012-01-22 23:02:42 +0000},
	Date-Modified = {2012-01-22 23:02:42 +0000},
	Journal = {Journal of Experimental Social Psychology},
	Number = {4},
	Pages = {867--872},
	Publisher = {Elsevier},
	Title = {Instructional manipulation checks: Detecting satisficing to increase statistical power},
	Volume = {45},
	Year = {2009}}

@article{orban2008,
	Author = {Orb{\'a}n, G. and Fiser, J. and Aslin, R. N. and Lengyel, M.},
	Date-Added = {2012-01-22 23:02:42 +0000},
	Date-Modified = {2012-01-22 23:02:42 +0000},
	Journal = {Proceedings of the National Academy of Sciences},
	Pages = {2745--2750},
	Title = {{Bayesian learning of visual chunks by human observers Bayesian learning of visual chunks by human observers}},
	Volume = {105},
	Year = {2008}}

@article{papafragou2003,
	Author = {Papafragou, A. and Musolino, J.},
	Date-Added = {2012-01-22 23:02:42 +0000},
	Date-Modified = {2012-01-22 23:02:42 +0000},
	Journal = {Cognition},
	Number = {3},
	Pages = {253--282},
	Publisher = {Elsevier},
	Title = {Scalar implicatures: Experiments at the semantics-pragmatics interface},
	Volume = {86},
	Year = {2003}}

@conference{parisien2008,
	Author = {Parisien, C. and Fazly, A. and Stevenson, S.},
	Booktitle = {Proceedings of the Twelfth Conference on Computational Natural Language Learning},
	Date-Added = {2012-01-22 23:02:42 +0000},
	Date-Modified = {2012-01-22 23:02:42 +0000},
	Organization = {Association for Computational Linguistics},
	Pages = {89--96},
	Title = {{An incremental Bayesian model for learning syntactic categories}},
	Year = {2008}}

@article{passonneau1997,
	Author = {Passonneau, R.J. and Litman, D.J.},
	Date-Added = {2012-01-22 23:02:42 +0000},
	Date-Modified = {2012-01-22 23:02:42 +0000},
	Journal = {Computational Linguistics},
	Pages = {103--139},
	Publisher = {MIT Press Cambridge, MA, USA},
	Title = {Discourse segmentation by human and automated means},
	Url = {http://portal.acm.org/citation.cfm?id=972684.972689},
	Volume = {23},
	Year = {1997},
	Bdsk-Url-1 = {http://portal.acm.org/citation.cfm?id=972684.972689}}

@conference{perfors2006,
	Author = {Perfors, A. and Tenenbaum, J. and Regier, T.},
	Booktitle = {Proceedings of the 28th Annual Conference of the Cognitive Science society},
	Date-Added = {2012-01-22 23:02:42 +0000},
	Date-Modified = {2012-01-22 23:02:42 +0000},
	Organization = {Citeseer},
	Pages = {663--668},
	Title = {Poverty of the stimulus? A rational approach},
	Year = {2006}}

@article{perruchet1998,
	Author = {Perruchet, P. and Vinter, A.},
	Date-Added = {2012-01-22 23:02:42 +0000},
	Date-Modified = {2012-01-22 23:02:42 +0000},
	Journal = {Journal of Memory and Language},
	Number = {246-263},
	Title = {{PARSER: A model for word segmentation}},
	Volume = {39},
	Year = {1998}}

@article{perruchet2003,
	Author = {Perruchet, P. and Vinter, A.},
	Date-Added = {2012-01-22 23:02:42 +0000},
	Date-Modified = {2012-01-22 23:02:42 +0000},
	Journal = {Behavioral and Brain Sciences},
	Number = {03},
	Pages = {360--380},
	Publisher = {Cambridge Univ Press},
	Title = {The self-organizing consciousness as an alternative model of the mind},
	Volume = {25},
	Year = {2003}}

@article{perruchet2006,
	Author = {Perruchet, P. and Pacton, S.},
	Date-Added = {2012-01-22 23:02:42 +0000},
	Date-Modified = {2012-01-22 23:02:42 +0000},
	Journal = {Trends in Cognitive Sciences},
	Number = {5},
	Pages = {233--238},
	Publisher = {Elsevier},
	Title = {Implicit learning and statistical learning: One phenomenon, two approaches},
	Volume = {10},
	Year = {2006}}

@article{piantadosi2008,
	Author = {Piantadosi, S.T. and Goodman, N.D. and Ellis, B.A. and Tenenbaum, J.B.},
	Date-Added = {2012-01-22 23:02:42 +0000},
	Date-Modified = {2012-01-22 23:02:42 +0000},
	Journal = {Proceedings of the 30th Annual Conference of the Cognitive Science Society},
	Title = {{A Bayesian model of the acquisition of compositional semantics}},
	Url = {http://www.cogsci.rpi.edu/CSJarchive/Proceedings/2008/pdfs/p1620.pdf},
	Year = {2008},
	Bdsk-Url-1 = {http://www.cogsci.rpi.edu/CSJarchive/Proceedings/2008/pdfs/p1620.pdf}}

@article{pinker1979,
	Author = {Pinker, S.},
	Date-Added = {2012-01-22 23:02:42 +0000},
	Date-Modified = {2012-01-22 23:02:42 +0000},
	Journal = {Cognition},
	Number = {3},
	Pages = {217--283},
	Publisher = {Elsevier},
	Title = {Formal models of language learning},
	Volume = {7},
	Year = {1979}}

@book{pinker1984,
	Address = {Cambridge, MA},
	Author = {Pinker, S.},
	Date-Added = {2012-01-22 23:02:42 +0000},
	Date-Modified = {2012-01-22 23:02:42 +0000},
	Publisher = {Harvard University Press},
	Title = {Language learnability and language development},
	Year = {1984}}

@article{pinker1988,
	Author = {Pinker, S. and Prince, A.},
	Date-Added = {2012-01-22 23:02:42 +0000},
	Date-Modified = {2012-01-22 23:02:42 +0000},
	Journal = {Connections and symbols},
	Pages = {73--193},
	Title = {On language and connectionism: Analysis of a parallel distributed processing model of language acquisition},
	Year = {1988}}

@book{pinker1989,
	Address = {Cambridge, MA},
	Author = {Pinker, S.},
	Date-Added = {2012-01-22 23:02:42 +0000},
	Date-Modified = {2012-01-22 23:02:42 +0000},
	Publisher = {MIT press},
	Title = {Learnability and cognition: The acquisition of argument structure},
	Year = {1989}}

@book{pinker1995,
	Author = {Pinker, S.},
	Date-Added = {2012-01-22 23:02:42 +0000},
	Date-Modified = {2012-01-22 23:02:42 +0000},
	Publisher = {Penguin London},
	Title = {The language instinct: The new science of language and mind},
	Year = {1995}}

@article{plunkett1991,
	Author = {Plunkett, K. and Marchman, V.},
	Date-Added = {2012-01-22 23:02:42 +0000},
	Date-Modified = {2012-01-22 23:02:42 +0000},
	Journal = {Cognition},
	Number = {1},
	Pages = {43--102},
	Publisher = {Elsevier},
	Title = {U-shaped learning and frequency effects in a multi-layered perception: Implications for child language acquisition},
	Volume = {38},
	Year = {1991}}

@article{plunkett1992,
	Author = {Plunkett, K. and Sinha, C. and M{\o}ller, M.F. and Strandsby, O.},
	Date-Added = {2012-01-22 23:02:42 +0000},
	Date-Modified = {2012-01-22 23:02:42 +0000},
	Journal = {Connection Science},
	Number = {3},
	Pages = {293--312},
	Publisher = {Taylor \& Francis},
	Title = {Symbol grounding or the emergence of symbols? Vocabulary growth in children and a connectionist net},
	Volume = {4},
	Year = {1992}}

@article{plunkett1993,
	Author = {Plunkett, K. and Marchman, V.},
	Date-Added = {2012-01-22 23:02:42 +0000},
	Date-Modified = {2012-01-22 23:02:42 +0000},
	Journal = {Cognition},
	Number = {1},
	Pages = {21--69},
	Publisher = {Citeseer},
	Title = {From rote learning to system building: Acquiring verb morphology in children and connectionist nets},
	Volume = {48},
	Year = {1993}}

@article{plunkett1996,
	Author = {Plunkett, K. and Marchman, V.A.},
	Date-Added = {2012-01-22 23:02:42 +0000},
	Date-Modified = {2012-01-22 23:02:42 +0000},
	Journal = {Cognition},
	Number = {3},
	Pages = {299--308},
	Title = {Learning from a connectionist model of the acquisition of the English past tense.},
	Volume = {61},
	Year = {1996}}

@book{pollard1994,
	Author = {Pollard, C.J. and Sag, I.A.},
	Date-Added = {2012-01-22 23:02:42 +0000},
	Date-Modified = {2012-01-22 23:02:42 +0000},
	Publisher = {University of Chicago Press},
	Title = {Head-driven phrase structure grammar},
	Year = {1994}}

@article{pouget2000,
	Author = {Pouget, A. and Dayan, P. and Zemel, R.},
	Date-Added = {2012-01-22 23:02:42 +0000},
	Date-Modified = {2012-01-22 23:02:42 +0000},
	Journal = {Nature Reviews Neuroscience},
	Number = {2},
	Pages = {125--132},
	Publisher = {Nature Publishing Group},
	Title = {Information processing with population codes},
	Volume = {1},
	Year = {2000}}

@phdthesis{prasada1992,
	Author = {Prasada, S.},
	Date-Added = {2012-01-22 23:02:42 +0000},
	Date-Modified = {2012-01-22 23:02:42 +0000},
	Publisher = {Massachusetts Institute of Technology},
	School = {Massachusetts Institute of Technology},
	Title = {Acquisition of adjective meanings: a lexical semantic approach},
	Url = {https://dspace.mit.edu/handle/1721.1/12886},
	Year = {1992},
	Bdsk-Url-1 = {https://dspace.mit.edu/handle/1721.1/12886}}

@article{prasada1993,
	Author = {Prasada, S. and Pinker, S.},
	Date-Added = {2012-01-22 23:02:42 +0000},
	Date-Modified = {2012-01-22 23:02:42 +0000},
	Journal = {Language and cognitive processes},
	Number = {1},
	Pages = {1--56},
	Publisher = {Psychology Press},
	Title = {Generalisation of regular and irregular morphological patterns},
	Volume = {8},
	Year = {1993}}

@book{quine1960,
	Author = {Quine, W.V.O.},
	Date-Added = {2012-01-22 23:02:42 +0000},
	Date-Modified = {2012-01-22 23:02:42 +0000},
	Publisher = {The MIT Press},
	Title = {Word and object},
	Year = {1960}}

@article{rabiner1989,
	Author = {Rabiner, LR},
	Date-Added = {2012-01-22 23:02:42 +0000},
	Date-Modified = {2012-01-22 23:02:42 +0000},
	Journal = {Proceedings of the IEEE},
	Pages = {257--286},
	Title = {{A tutorial on hidden Markov models and selected applications in speech recognition}},
	Url = {http://ieeexplore.ieee.org/xpls/abs_all.jsp?&arnumber=18626},
	Volume = {77},
	Year = {1989},
	Bdsk-Url-1 = {http://ieeexplore.ieee.org/xpls/abs_all.jsp?&arnumber=18626}}

@article{rasmussen2000,
	Author = {Rasmussen, C.E.},
	Date-Added = {2012-01-22 23:02:42 +0000},
	Date-Modified = {2012-01-22 23:02:42 +0000},
	Journal = {Advances in neural information processing systems},
	Pages = {554--560},
	Publisher = {Citeseer},
	Title = {The infinite Gaussian mixture model},
	Volume = {12},
	Year = {2000}}

@article{reber1967,
	Author = {Reber, A.S.},
	Date-Added = {2012-01-22 23:02:42 +0000},
	Date-Modified = {2012-01-22 23:02:42 +0000},
	Journal = {Journal of verbal learning and verbal behavior},
	Number = {6},
	Pages = {855--863},
	Publisher = {Elsevier},
	Title = {Implicit learning of artificial grammars1},
	Volume = {6},
	Year = {1967}}

@article{redington1998,
	Author = {Redington, M. and Crater, N. and Finch, S.},
	Date-Added = {2012-01-22 23:02:42 +0000},
	Date-Modified = {2012-01-22 23:02:42 +0000},
	Journal = {Cognitive Science: A Multidisciplinary Journal},
	Number = {4},
	Pages = {425--469},
	Publisher = {Psychology Press},
	Title = {Distributional information: A powerful cue for acquiring syntactic categories},
	Volume = {22},
	Year = {1998}}

@conference{reeder2009,
	Author = {Reeder, P.A. and Newport, E.L. and Aslin, R.N.},
	Booktitle = {Proceedings of the 31st Annual Meeting of the Cognitive Science Society},
	Date-Added = {2012-01-22 23:02:42 +0000},
	Date-Modified = {2012-01-22 23:02:42 +0000},
	Title = {The role of distributional information in linguistic category formation},
	Year = {2009}}

@article{regier2005,
	Author = {Regier, T.},
	Date-Added = {2012-01-22 23:02:42 +0000},
	Date-Modified = {2012-01-22 23:02:42 +0000},
	Journal = {Cognitive Science: A Multidisciplinary Journal},
	Number = {6},
	Pages = {819--865},
	Publisher = {Psychology Press},
	Title = {The emergence of words: Attentional learning in form and meaning},
	Volume = {29},
	Year = {2005}}

@article{reiter1997,
	Author = {Reiter, E. and Dale, R.},
	Date-Added = {2012-01-22 23:02:42 +0000},
	Date-Modified = {2012-01-22 23:02:42 +0000},
	Journal = {Natural Language Engineering},
	Number = {01},
	Pages = {57--87},
	Publisher = {Cambridge Univ Press},
	Title = {Building applied natural language generation systems},
	Volume = {3},
	Year = {1997}}

@phdthesis{rohde2002,
	Author = {Rohde, D.L.T.},
	Date-Added = {2012-01-22 23:02:42 +0000},
	Date-Modified = {2012-01-22 23:02:42 +0000},
	School = {Carnegie Mellon University},
	Title = {A connectionist model of sentence comprehension and production},
	Year = {2002}}

@inproceedings{rohde2011,
	Author = {Rohde, H. and Frank, M.C.},
	Booktitle = {{Proceedings of the 33nd Annual Meeting of the Cognitive Science Society}},
	Date-Added = {2012-01-22 23:02:42 +0000},
	Date-Modified = {2012-01-22 23:02:42 +0000},
	Title = {Markers of Discourse Structure in Child-Directed Speech},
	Year = {2011}}

@article{rosenberg1964,
	Author = {Rosenberg, S. and Cohen, B.D.},
	Date-Added = {2012-01-22 23:02:42 +0000},
	Date-Modified = {2012-01-22 23:02:42 +0000},
	Journal = {Science},
	Number = {3637},
	Pages = {1201},
	Publisher = {AAAS},
	Title = {Speakers' and listeners' processes in a word-communication task},
	Volume = {145},
	Year = {1964}}

@article{rosenberg1966,
	Author = {Rosenberg, S. and Cohen, B.D.},
	Date-Added = {2012-01-22 23:02:42 +0000},
	Date-Modified = {2012-01-22 23:02:42 +0000},
	Journal = {Psychological Review},
	Number = {3},
	Pages = {208--231},
	Title = {Referential processes of speakers and listeners.},
	Volume = {73},
	Year = {1966}}

@article{roy2002,
	Author = {Roy, D.K. and Pentland, A.P.},
	Date-Added = {2012-01-22 23:02:42 +0000},
	Date-Modified = {2012-01-22 23:02:42 +0000},
	Journal = {Cognitive Science},
	Pages = {113--146},
	Publisher = {Lawrence Earlbaum},
	Title = {Learning words from sights and sounds: a computational model},
	Url = {http://www.leaonline.com/doi/abs/10.1207/s15516709cog2601_4},
	Volume = {26},
	Year = {2002},
	Bdsk-Url-1 = {http://www.leaonline.com/doi/abs/10.1207/s15516709cog2601_4}}

@inproceedings{roy2009,
	Address = {Brighton, England},
	Author = {Roy, B. C. and Roy, D.},
	Booktitle = {Proceedings of Interspeech},
	Date-Added = {2012-01-22 23:02:42 +0000},
	Date-Modified = {2012-01-22 23:02:42 +0000},
	Title = {Fast transcription of unstructured audio recordings},
	Year = {2009}}

@inproceedings{roy2009b,
	Author = {Roy, B. C. and Frank, M. C. and Roy, D.},
	Booktitle = {{Proceedings of the 30th Annual Conference of the Cognitive Science Society}},
	Date-Added = {2012-01-22 23:02:42 +0000},
	Date-Modified = {2012-01-22 23:02:42 +0000},
	Title = {Exploring Word Learning in a High-Density Longitudinal Corpus},
	Year = {2009}}

@book{rumelhart1986,
	Address = {Cambridge, MA},
	Author = {Rumelhart, D. E. and McClelland, J. L. and the PDP research group},
	Date-Added = {2012-01-22 23:02:42 +0000},
	Date-Modified = {2012-01-22 23:02:42 +0000},
	Publisher = {MIT Press},
	Title = {Parallel distributed processing: Explorations in the microstructure of cognition},
	Year = {1986}}

@incollection{rumelhart1986b,
	Address = {Cambridge, MA},
	Author = {Rumelhart, D.E. and McClelland, J.L.},
	Booktitle = {{Parallel distributed processing, Vol. 2: Psychological and biological models}},
	Date-Added = {2012-01-22 23:02:42 +0000},
	Date-Modified = {2012-01-22 23:02:42 +0000},
	Journal = {Mechanisms of language acquisition},
	Pages = {195--248},
	Publisher = {MIT Press},
	Title = {Learning the past tenses of English verbs: Implicit rules or parallel distributed processing},
	Year = {1986}}

@article{saffran1996a,
	Author = {Saffran, J. R. and Aslin, R.N. and Newport, E.L.},
	Date-Added = {2012-01-22 23:02:42 +0000},
	Date-Modified = {2012-01-22 23:02:42 +0000},
	Journal = {Science},
	Number = {5294},
	Pages = {1926},
	Publisher = {AAAS},
	Title = {Statistical learning by 8-month-old infants},
	Volume = {274},
	Year = {1996}}

@article{saffran1996b,
	Author = {Saffran, J. R. and Newport, E.L. and Aslin, R.N.},
	Date-Added = {2012-01-22 23:02:42 +0000},
	Date-Modified = {2012-01-22 23:02:42 +0000},
	Journal = {Journal of memory and language},
	Number = {4},
	Pages = {606--621},
	Publisher = {Citeseer},
	Title = {Word segmentation: The role of distributional cues},
	Volume = {35},
	Year = {1996}}

@article{saffran1999,
	Author = {Saffran, J. R. and Johnson, E. K. and Aslin, R. N. and Newport, E. L.},
	Date-Added = {2012-01-22 23:02:42 +0000},
	Date-Modified = {2012-01-22 23:02:42 +0000},
	Journal = {Cognition},
	Number = {1},
	Pages = {27-52},
	Title = {Statistical learning of tone sequences by human infants and adults},
	Volume = {70},
	Year = {1999}}

@article{saffran2007,
	Author = {Saffran, J. R. and Pollak, S.D. and Seibel, R.L. and Shkolnik, A.},
	Date-Added = {2012-01-22 23:02:42 +0000},
	Date-Modified = {2012-01-22 23:02:42 +0000},
	Journal = {Cognition},
	Number = {3},
	Pages = {669--680},
	Publisher = {Elsevier},
	Title = {Dog is a dog is a dog: Infant rule learning is not specific to language},
	Volume = {105},
	Year = {2007}}

@article{saffran2008,
	Author = {Saffran, J. R. and Hauser, M. and Seibel, R. and Kapfhamer, J. and Tsao, F. and Cushman, F.},
	Date-Added = {2012-01-22 23:02:42 +0000},
	Date-Modified = {2012-01-22 23:02:42 +0000},
	Journal = {Cognition},
	Number = {2},
	Pages = {479--500},
	Publisher = {Elsevier},
	Title = {Grammatical pattern learning by human infants and cotton-top tamarin monkeys},
	Volume = {107},
	Year = {2008}}

@book{schieffelin1990,
	Address = {Cambridge, UK},
	Author = {Schieffelin, B.B.},
	Date-Added = {2012-01-22 23:02:42 +0000},
	Date-Modified = {2012-01-22 23:02:42 +0000},
	Publisher = {Cambridge University Press},
	Title = {The give and take of everyday life: Language socialization of Kaluli children},
	Year = {1990}}

@article{selkirk1996,
	Author = {Selkirk, E.},
	Date-Added = {2012-01-22 23:02:42 +0000},
	Date-Modified = {2012-01-22 23:02:42 +0000},
	Journal = {Signal to syntax: Bootstrapping from speech to grammar in early acquisition},
	Pages = {187--213},
	Title = {The prosodic structure of function words},
	Year = {1996}}

@article{shafto2008,
	Author = {Shafto, P. and Goodman, N.},
	Date-Added = {2012-01-22 23:02:42 +0000},
	Date-Modified = {2012-01-22 23:02:42 +0000},
	Journal = {Proceedings of the 30th Annual Conference of the Cognitive Science Society},
	Title = {Teaching Games: Statistical Sampling Assumptions for Learning in Pedagogical Situations},
	Url = {https://louisville.edu/psychology/shafto/files/pp944-shafto.pdf},
	Year = {2008},
	Bdsk-Url-1 = {https://louisville.edu/psychology/shafto/files/pp944-shafto.pdf}}

@article{shepard1987,
	Author = {Shepard, RN},
	Date-Added = {2012-01-22 23:02:42 +0000},
	Date-Modified = {2012-01-22 23:02:42 +0000},
	Journal = {Science},
	Pages = {1317--1323},
	Title = {{Toward a universal law of generalization for psychological science}},
	Volume = {237},
	Year = {1987}}

@article{siller2002,
	Author = {Siller, M. and Sigman, M.},
	Date-Added = {2012-01-22 23:02:42 +0000},
	Date-Modified = {2012-01-22 23:02:42 +0000},
	Journal = {Journal of Autism and Developmental Disorders},
	Number = {2},
	Pages = {77--89},
	Publisher = {Springer},
	Title = {The behaviors of parents of children with autism predict the subsequent development of their children's communication},
	Volume = {32},
	Year = {2002}}

@article{siller2008,
	Author = {Siller, M. and Sigman, M.},
	Date-Added = {2012-01-22 23:02:42 +0000},
	Date-Modified = {2012-01-22 23:02:42 +0000},
	Journal = {Developmental Psychology},
	Number = {6},
	Pages = {1691},
	Publisher = {American Psychological Association},
	Title = {Modeling longitudinal change in the language abilities of children with autism: Parent behaviors and child characteristics as predictors of change.},
	Volume = {44},
	Year = {2008}}

@inproceedings{silverman1992,
	Author = {Silverman, K. and Beckman, M. and Pitrelli, J. and Ostendorf, M. and Wightman, C. and Price, P. and Pierrehumbert, J. and Hirschberg, J.},
	Booktitle = {Second International Conference on Spoken Language Processing},
	Date-Added = {2012-01-22 23:02:42 +0000},
	Date-Modified = {2012-01-22 23:02:42 +0000},
	Pages = {867--870},
	Title = {{ToBI: A standard for labeling English prosody}},
	Volume = {2},
	Year = {1992}}

@article{siskind1996,
	Author = {Siskind, J.},
	Date-Added = {2012-01-22 23:02:42 +0000},
	Date-Modified = {2012-01-22 23:02:42 +0000},
	Journal = {Cognition},
	Pages = {39-91},
	Title = {A computational study of cross-situational techniques for learning word-to-meaning mappings},
	Volume = {61},
	Year = {1996}}

@article{smith1966,
	Author = {Smith, K.H.},
	Date-Added = {2012-01-22 23:02:42 +0000},
	Date-Modified = {2012-01-22 23:02:42 +0000},
	Journal = {Journal of Experimental Psychology},
	Pages = {580--588},
	Title = {Grammatical intrusions in the recall of structured letter pairs: mediated transfer or position learning?},
	Volume = {72},
	Year = {1966}}

@article{smith2000,
	Author = {Smith, L.B.},
	Date-Added = {2012-01-22 23:02:42 +0000},
	Date-Modified = {2012-01-22 23:02:42 +0000},
	Journal = {Becoming a word learner: A debate on lexical acquisition},
	Pages = {51--80},
	Publisher = {Oxford University Press},
	Title = {Learning how to learn words: An associative crane},
	Year = {2000}}

@article{smith2002,
	Author = {Smith, L.B. and Jones, S.S. and Landau, B. and Gershkoff-Stowe, L. and Samuelson, L.},
	Date-Added = {2012-01-22 23:02:42 +0000},
	Date-Modified = {2012-01-22 23:02:42 +0000},
	Journal = {Psychological Science},
	Number = {1},
	Pages = {13},
	Publisher = {SAGE Publications},
	Title = {Object name learning provides on-the-job training for attention},
	Volume = {13},
	Year = {2002}}

@article{smith2008,
	Author = {Smith, L. and Yu, C.},
	Date-Added = {2012-01-22 23:02:42 +0000},
	Date-Modified = {2012-01-22 23:02:42 +0000},
	Journal = {Cognition},
	Number = {3},
	Pages = {1558--1568},
	Publisher = {Elsevier},
	Title = {Infants rapidly learn word-referent mappings via cross-situational statistics},
	Volume = {106},
	Year = {2008}}

@article{smith2010,
	Author = {Smith, K. and Smith, A. M. and Blythe, R. A.},
	Date-Added = {2012-01-22 23:02:42 +0000},
	Date-Modified = {2012-01-22 23:02:42 +0000},
	Journal = {Cognitive Science},
	Title = {Cross-situational word learning: mathematical and experimental approaches to understanding tolerance of referential uncertainty},
	Year = {in press}}

@article{snedeker2007,
	Author = {Snedeker, J. and Geren, J. and Shafto, C.L.},
	Date-Added = {2012-01-22 23:02:42 +0000},
	Date-Modified = {2012-01-22 23:02:42 +0000},
	Journal = {Psychological science},
	Number = {1},
	Pages = {79},
	Publisher = {SAGE Publications},
	Title = {Starting over: international adoption as a natural experiment in language development},
	Volume = {18},
	Year = {2007}}

@incollection{snedeker2009,
	Author = {Snedeker, J.},
	Booktitle = {Encyclopedia of Neuroscience},
	Date-Added = {2012-01-22 23:02:42 +0000},
	Date-Modified = {2012-01-22 23:02:42 +0000},
	Editor = {L.R. Squire},
	Pages = {503--508},
	Publisher = {Elsevier},
	Title = {Word learning},
	Year = {2009}}

@article{snow1972,
	Author = {Snow, C.E.},
	Date-Added = {2012-01-22 23:02:42 +0000},
	Date-Modified = {2012-01-22 23:02:42 +0000},
	Journal = {Child development},
	Number = {2},
	Pages = {549--565},
	Publisher = {University of Chicago Press},
	Title = {Mothers' speech to children learning language},
	Volume = {43},
	Year = {1972}}

@article{solan2005,
	Author = {Solan, Z. and Horn, D. and Ruppin, E. and Edelman, S.},
	Date-Added = {2012-01-22 23:02:42 +0000},
	Date-Modified = {2012-01-22 23:02:42 +0000},
	Journal = {Proceedings of the National Academy of Sciences of the United States of America},
	Number = {33},
	Pages = {11629},
	Publisher = {National Acad Sciences},
	Title = {Unsupervised learning of natural languages},
	Volume = {102},
	Year = {2005}}

@article{southgate2010,
	Author = {Southgate, V. and Chevallier, C. and Csibra, G.},
	Date-Added = {2012-01-22 23:02:42 +0000},
	Date-Modified = {2012-01-22 23:02:42 +0000},
	Journal = {Developmental Science},
	Number = {9999},
	Publisher = {John Wiley \& Sons},
	Title = {Seventeen-month-olds appeal to false beliefs to interpret others' referential communication},
	Volume = {9999},
	Year = {2010}}

@article{spelke1992,
	Author = {Spelke, E.S. and Breinlinger, K. and Macomber, J. and Jacobson, K.},
	Date-Added = {2012-01-22 23:02:42 +0000},
	Date-Modified = {2012-01-22 23:02:42 +0000},
	Journal = {Psychological Review},
	Number = {4},
	Pages = {605--632},
	Title = {Origins of knowledge.},
	Volume = {99},
	Year = {1992}}

@book{sperber1986,
	Address = {Oxford, UK},
	Author = {Sperber, D. and Wilson, D.},
	Date-Added = {2012-01-22 23:02:42 +0000},
	Date-Modified = {2012-01-22 23:02:42 +0000},
	Publisher = {Blackwell Publishers},
	Title = {{Relevance: Communication and Cognition}},
	Year = {1986}}

@book{steedman2000,
	Author = {Steedman, M.},
	Date-Added = {2012-01-22 23:02:42 +0000},
	Date-Modified = {2012-01-22 23:02:42 +0000},
	Publisher = {MIT Press},
	Title = {The syntactic process},
	Year = {2000}}

@book{stern2002,
	Address = {Cambridge, MA},
	Author = {Stern, D. N.},
	Date-Added = {2012-01-22 23:02:42 +0000},
	Date-Modified = {2012-01-22 23:02:42 +0000},
	Publisher = {Harvard University Press},
	Title = {The first relationship: Infant and mother},
	Year = {2002}}

@article{stolcke1994,
	Author = {Stolcke, A. and Omohundro, S.},
	Date-Added = {2012-01-22 23:02:42 +0000},
	Date-Modified = {2012-01-22 23:02:42 +0000},
	Journal = {Grammatical Inference and Applications},
	Pages = {106--118},
	Publisher = {Springer},
	Title = {Inducing probabilistic grammars by Bayesian model merging},
	Year = {1994}}

@article{swingley2005,
	Author = {Swingley, D.},
	Date-Added = {2012-01-22 23:02:42 +0000},
	Date-Modified = {2012-01-22 23:02:42 +0000},
	Journal = {Cognitive Psychology},
	Pages = {86-132},
	Title = {Statistical clustering and the contents of the infant vocabulary},
	Volume = {50},
	Year = {2005}}

@article{tenenbaum2002,
	Author = {Tenenbaum, J.B. and Griffiths, T.L.},
	Date-Added = {2012-01-22 23:02:42 +0000},
	Date-Modified = {2012-01-22 23:02:42 +0000},
	Journal = {Behavioral and Brain Sciences},
	Pages = {629--640},
	Publisher = {Cambridge University Press},
	Title = {{Generalization, similarity, and Bayesian inference}},
	Volume = {24},
	Year = {2002}}

@article{thiessen2003,
	Author = {Thiessen, E.D. and Saffran, J.R.},
	Date-Added = {2012-01-22 23:02:42 +0000},
	Date-Modified = {2012-01-22 23:02:42 +0000},
	Journal = {Developmental Psychology},
	Number = {4},
	Pages = {706--716},
	Title = {When cues collide: Use of stress and statistical cues to word boundaries by 7-to 9-month-old infants.},
	Volume = {39},
	Year = {2003}}

@article{thiessen2007,
	Author = {Thiessen, E.D. and Saffran, J.R.},
	Date-Added = {2012-01-22 23:02:42 +0000},
	Date-Modified = {2012-01-22 23:02:42 +0000},
	Journal = {Language Learning and Development},
	Number = {1},
	Pages = {73--100},
	Publisher = {Psychology Press},
	Title = {Learning to learn: Infants' acquisition of stress-based strategies for word segmentation},
	Volume = {3},
	Year = {2007}}

@article{thothathiri2008,
	Author = {Thothathiri, M. and Snedeker, J.},
	Date-Added = {2012-01-22 23:02:42 +0000},
	Date-Modified = {2012-01-22 23:02:42 +0000},
	Journal = {Journal of Memory and Language},
	Number = {2},
	Pages = {188--213},
	Publisher = {Elsevier},
	Title = {Syntactic priming during language comprehension in three-and four-year-old children},
	Volume = {58},
	Year = {2008}}

@article{todorov2009,
	Author = {Todorov, E.},
	Date-Added = {2012-01-22 23:02:42 +0000},
	Date-Modified = {2012-01-22 23:02:42 +0000},
	Journal = {Proceedings of the National Academy of Sciences},
	Number = {28},
	Pages = {11478},
	Publisher = {National Acad Sciences},
	Title = {Efficient computation of optimal actions},
	Volume = {106},
	Year = {2009}}

@inbook{tomasello2001,
	Address = {New York},
	Annote = {Describes one of the other theories of languae acquisition, the social theory, useful for background (what other mechanisms have been proposed to account for first language acquisition?)},
	Author = {Michael Tomasello},
	Booktitle = {Language Acquisition and Conceptual Development},
	Date-Added = {2012-01-22 23:02:42 +0000},
	Date-Modified = {2012-01-22 23:02:42 +0000},
	Pages = {132--159},
	Publisher = {Cambridge University Press},
	Title = {Perceiving intentions and learning words in the second year of life},
	Year = {2001}}

@book{tomasello2003,
	Author = {Tomasello, M.},
	Date-Added = {2012-01-22 23:02:42 +0000},
	Date-Modified = {2012-01-22 23:02:42 +0000},
	Publisher = {Harvard University Press},
	Title = {Constructing a Language: A Usage-Based Theory of Language Acquisition},
	Url = {http://books.google.com/books?hl=en&lr=&id=K-b5Dl3MJR4C&oi=fnd&pg=PA1&dq=joint+attention+word+learning+m-tomasello&ots=WWwhcW6Wgm&sig=rBcdMNezT0r8m3WkaseKvZVW964},
	Year = {2003},
	Bdsk-Url-1 = {http://books.google.com/books?hl=en&lr=&id=K-b5Dl3MJR4C&oi=fnd&pg=PA1&dq=joint+attention+word+learning+m-tomasello&ots=WWwhcW6Wgm&sig=rBcdMNezT0r8m3WkaseKvZVW964}}

@article{toro2005,
	Author = {Toro, J. M. and Trobalon, J. B.},
	Date-Added = {2012-01-22 23:02:42 +0000},
	Date-Modified = {2012-01-22 23:02:42 +0000},
	Journal = {Perception and Psychophysics},
	Number = {5},
	Pages = {867-875},
	Title = {Statistical computations over a speech stream in a rodent},
	Volume = {67},
	Year = {2005}}

@inproceedings{torralba2004,
	Author = {Torralba, A. and Murphy, K.P. and Freeman, W.T.},
	Booktitle = {{Computer Vision and Pattern Recogition (CVPR)}},
	Date-Added = {2012-01-22 23:02:42 +0000},
	Date-Modified = {2012-01-22 23:02:42 +0000},
	Title = {Sharing features: efficient boosting procedures for multiclass object detection},
	Year = {2004}}

@article{toscano2010,
	Author = {Toscano, J. C. and McMurray, B.},
	Date-Added = {2012-01-22 23:02:42 +0000},
	Date-Modified = {2012-01-22 23:02:42 +0000},
	Journal = {Cognitive Science},
	Pages = {434--464},
	Publisher = {John Wiley \& Sons},
	Title = {Cue Integration With Categories: Weighting Acoustic Cues in Speech Using Unsupervised Learning and Distributional Statistics},
	Volume = {34},
	Year = {2010}}

@article{valiant1984,
	Author = {Valiant, LG},
	Date-Added = {2012-01-22 23:02:42 +0000},
	Date-Modified = {2012-01-22 23:02:42 +0000},
	Journal = {Communications of the ACM},
	Number = {11},
	Pages = {1142},
	Publisher = {ACM},
	Title = {A theory of the learnable},
	Volume = {27},
	Year = {1984}}

@article{vallabha2007,
	Author = {Vallabha, G.K. and McClelland, J.L. and Pons, F. and Werker, J.F. and Amano, S.},
	Date-Added = {2012-01-22 23:02:42 +0000},
	Date-Modified = {2012-01-22 23:02:42 +0000},
	Journal = {Proceedings of the National Academy of Sciences},
	Number = {33},
	Pages = {13273},
	Publisher = {National Acad Sciences},
	Title = {Unsupervised learning of vowel categories from infant-directed speech},
	Volume = {104},
	Year = {2007}}

@book{vapnik2000,
	Author = {Vapnik, V.N.},
	Date-Added = {2012-01-22 23:02:42 +0000},
	Date-Modified = {2012-01-22 23:02:42 +0000},
	Publisher = {Springer Verlag},
	Title = {The nature of statistical learning theory},
	Year = {2000}}

@book{verbeke2009,
	Author = {Verbeke, G. and Molenberghs, G.},
	Date-Added = {2012-01-22 23:02:42 +0000},
	Date-Modified = {2012-01-22 23:02:42 +0000},
	Publisher = {Springer Verlag},
	Title = {Linear mixed models for longitudinal data},
	Year = {2009}}

@article{vihman1998,
	Author = {Vihman, M.M. and DePaolis, R.A. and Davis, B.L.},
	Date-Added = {2012-01-22 23:02:42 +0000},
	Date-Modified = {2012-01-22 23:02:42 +0000},
	Journal = {Child Development},
	Number = {4},
	Pages = {935--949},
	Publisher = {John Wiley \& Sons},
	Title = {{Is there a ``Trochaic Bias" in early word learning? Evidence from infant production in English and French}},
	Volume = {69},
	Year = {1998}}

@article{viola2004,
	Author = {Viola, P. and Jones, D. H.},
	Date-Added = {2012-01-22 23:02:42 +0000},
	Date-Modified = {2012-01-22 23:02:42 +0000},
	Journal = {International Journal of Computer Vision},
	Title = {Robust real-time face detection},
	Year = {2004}}

@misc{voc-release4,
	Author = {Felzenszwalb, P. F. and Girshick, R. B. and McAllester, D.},
	Date-Added = {2012-01-22 23:02:42 +0000},
	Date-Modified = {2012-01-22 23:02:42 +0000},
	Howpublished = {http://people.cs.uchicago.edu/~pff/latent-release4/},
	Title = {Discriminatively Trained Deformable Part Models, Release 4}}

@conference{vondrick2010,
	Author = {Carl Vondrick and Deva Ramanan and Donald Patterson},
	Booktitle = {Proceedings of European Conference on Computer Vision},
	Date-Added = {2012-01-22 23:02:42 +0000},
	Date-Modified = {2012-01-22 23:02:42 +0000},
	Title = {{Efficiently Scaling Up Video Annotation with Crowdsourced Marketplaces}},
	Year = {2010}}

@inproceedings{vosoughi2010,
	Author = {Vosoughi, S. and Roy, B. C. and Frank, M. C. and Roy, D.},
	Booktitle = {{Proceedings of the 32nd Annual Meeting of the Cognitive Science Society}},
	Date-Added = {2012-01-22 23:02:42 +0000},
	Date-Modified = {2012-01-22 23:02:42 +0000},
	Title = {Contributions of prosodic and distributional features of caregivers' speech in early word learning},
	Year = {2010}}

@article{vouloumanos2008,
	Author = {Vouloumanos, A.},
	Date-Added = {2012-01-22 23:02:42 +0000},
	Date-Modified = {2012-01-22 23:02:42 +0000},
	Journal = {Cognition},
	Number = {2},
	Pages = {729--742},
	Publisher = {Elsevier},
	Title = {Fine-grained sensitivity to statistical information in adult word learning},
	Volume = {107},
	Year = {2008}}

@article{vouloumanos2009,
	Author = {Vouloumanos, A. and Werker, J.F.},
	Date-Added = {2012-01-22 23:02:42 +0000},
	Date-Modified = {2012-01-22 23:02:42 +0000},
	Journal = {Developmental psychology},
	Number = {6},
	Pages = {1611--1617},
	Title = {Infants' learning of novel words in a stochastic environment.},
	Volume = {45},
	Year = {2009}}

@article{vul2009,
	Author = {Vul, E. and Frank, M.C. and Alvarez, G. and Tenenbaum, J.},
	Date-Added = {2012-01-22 23:02:42 +0000},
	Date-Modified = {2012-01-22 23:02:42 +0000},
	Journal = {Advances in neural information processing systems},
	Pages = {1955--1963},
	Title = {Explaining human multiple object tracking as resource-constrained approximate inference in a dynamic probabilistic model},
	Volume = {22},
	Year = {2009}}

@article{warren2010,
	Author = {Warren, S.F. and Gilkerson, J. and Richards, J.A. and Oller, D.K. and Xu, D. and Yapanel, U. and Gray, S.},
	Date-Added = {2012-01-22 23:02:42 +0000},
	Date-Modified = {2012-01-22 23:02:42 +0000},
	Journal = {Journal of autism and developmental disorders},
	Number = {5},
	Pages = {555--569},
	Publisher = {Springer},
	Title = {What automated vocal analysis reveals about the vocal production and language learning environment of young children with autism},
	Volume = {40},
	Year = {2010}}

@article{waterfall2009,
	Author = {Waterfall, H. and Edelman, S.},
	Date-Added = {2012-01-22 23:02:42 +0000},
	Date-Modified = {2012-01-22 23:02:42 +0000},
	Journal = {Behavioral and Brain Sciences},
	Number = {05},
	Pages = {471--472},
	Publisher = {Cambridge Univ Press},
	Title = {The neglected universals: Learnability constraints and discourse cues},
	Volume = {32},
	Year = {2009}}

@article{waxman1995,
	Author = {Waxman, S.R. and Markow, D.B.},
	Date-Added = {2012-01-22 23:02:42 +0000},
	Date-Modified = {2012-01-22 23:02:42 +0000},
	Journal = {Cognitive Psychology},
	Number = {3},
	Pages = {257--302},
	Publisher = {Elsevier},
	Title = {Words as invitations to form categories: Evidence from 12-to 13-month-old infants},
	Volume = {29},
	Year = {1995}}

@article{waxman2003,
	Author = {Waxman, S. and Booth, A.},
	Date-Added = {2012-01-22 23:02:42 +0000},
	Date-Modified = {2012-01-22 23:02:42 +0000},
	Journal = {Developmental Science},
	Number = {2},
	Pages = {128--135},
	Title = {The origins and evolution of links between word learning and conceptual organization: New evidence from 11-month-olds},
	Volume = {6},
	Year = {2003}}

@article{waxman2006,
	Author = {Waxman, S.R. and Lidz, J.},
	Date-Added = {2012-01-22 23:02:42 +0000},
	Date-Modified = {2012-01-22 23:02:42 +0000},
	Journal = {Handbook of Child Psychology,},
	Pages = {299--335},
	Title = {Early word learning},
	Volume = {2},
	Year = {2006}}

@article{waxman2009,
	Author = {Waxman, S.R. and Gelman, S.A.},
	Date-Added = {2012-01-22 23:02:42 +0000},
	Date-Modified = {2012-01-22 23:02:42 +0000},
	Journal = {Trends in cognitive sciences},
	Publisher = {Elsevier},
	Title = {Early word-learning entails reference, not merely associations},
	Year = {2009}}

@misc{weide1998,
	Author = {Weide, RL},
	Date-Added = {2012-01-22 23:02:42 +0000},
	Date-Modified = {2012-01-22 23:02:42 +0000},
	Publisher = {Carnegie Mellon University},
	Title = {The CMU pronunciation dictionary, release 0.6},
	Year = {1998}}

@article{werker1984,
	Author = {Werker, J.F. and Tees, R.C.},
	Date-Added = {2012-01-22 23:02:42 +0000},
	Date-Modified = {2012-01-22 23:02:42 +0000},
	Journal = {Infant Behavior and Development},
	Number = {1},
	Pages = {49--63},
	Publisher = {Elsevier},
	Title = {Cross-language speech perception: Evidence for perceptual reorganization during the first year of life},
	Volume = {7},
	Year = {1984}}

@book{wexler1983,
	Address = {Cambridge, MA},
	Author = {Wexler, K. and Culicover, P.W.},
	Date-Added = {2012-01-22 23:02:42 +0000},
	Date-Modified = {2012-01-22 23:02:42 +0000},
	Publisher = {MIT Press},
	Title = {Formal principles of language acquisition},
	Year = {1983}}

@book{wittgenstein1953,
	Address = {Oxford, UK},
	Author = {Wittgenstein, L.},
	Date-Added = {2012-01-22 23:02:42 +0000},
	Date-Modified = {2012-01-22 23:02:42 +0000},
	Publisher = {Blackwell Publishers},
	Title = {{Philosophical Investigations}},
	Year = {1953}}

@article{wolf2005,
	Author = {Wolf, F. and Gibson, E.},
	Date-Added = {2012-01-22 23:02:42 +0000},
	Date-Modified = {2012-01-22 23:02:42 +0000},
	Journal = {Computational Linguistics},
	Pages = {249--287},
	Publisher = {MIT Press},
	Title = {Representing Discourse Coherence: A Corpus-Based Study},
	Url = {http://www.mitpressjournals.org/doi/abs/10.1162/0891201054223977},
	Volume = {31},
	Year = {2005},
	Bdsk-Url-1 = {http://www.mitpressjournals.org/doi/abs/10.1162/0891201054223977}}

@book{wolf2006,
	Address = {Cambridge, MA},
	Author = {Wolf, F. and Gibson, E.},
	Date-Added = {2012-01-22 23:02:42 +0000},
	Date-Modified = {2012-01-22 23:02:42 +0000},
	Publisher = {MIT Press},
	Title = {Coherence in natural language: data structures and applications},
	Year = {2006}}

@conference{wolff1978,
	Author = {Wolff, J.G.},
	Booktitle = {Proceedings of the AISB/GI conference on Artificial Intelligence},
	Date-Added = {2012-01-22 23:02:42 +0000},
	Date-Modified = {2012-01-22 23:02:42 +0000},
	Pages = {375},
	Title = {Grammar discovery as data compression},
	Year = {1978}}

@conference{wong2007,
	Author = {Wong, Y.W. and Mooney, R.},
	Booktitle = {{Annual meeting of the Association for Computational Linguistics}},
	Date-Added = {2012-01-22 23:02:42 +0000},
	Date-Modified = {2012-01-22 23:02:42 +0000},
	Pages = {960},
	Title = {Learning synchronous grammars for semantic parsing with lambda calculus},
	Volume = {45},
	Year = {2007}}

@article{woodward1994,
	Author = {Woodward, A.L. and Markman, E.M. and Fitzsimmons, C.M.},
	Date-Added = {2012-01-22 23:02:42 +0000},
	Date-Modified = {2012-01-22 23:02:42 +0000},
	Journal = {Developmental Psychology},
	Number = {4},
	Pages = {553--566},
	Title = {Rapid word learning in 13-and 18-month-olds},
	Volume = {30},
	Year = {1994}}

@article{xu2002,
	Author = {Xu, F.},
	Date-Added = {2012-01-22 23:02:42 +0000},
	Date-Modified = {2012-01-22 23:02:42 +0000},
	Journal = {Cognition},
	Number = {3},
	Pages = {223--250},
	Publisher = {Elsevier},
	Title = {The role of language in acquiring object kind concepts in infancy},
	Volume = {85},
	Year = {2002}}

@article{xu2007,
	Author = {Xu, F. and Tenenbaum, J.B.},
	Date-Added = {2012-01-22 23:02:42 +0000},
	Date-Modified = {2012-01-22 23:02:42 +0000},
	Journal = {Psychological Review},
	Pages = {245},
	Publisher = {APA AMERICAN PSYCHOLOGICAL ASSOCIATION},
	Title = {{Word Learning as Bayesian Inference}},
	Volume = {114},
	Year = {2007}}

@article{xu2007b,
	Author = {Xu, F. and Tenenbaum, J.B.},
	Date-Added = {2012-01-22 23:02:42 +0000},
	Date-Modified = {2012-01-22 23:02:42 +0000},
	Journal = {Developmental Science},
	Number = {3},
	Pages = {288},
	Publisher = {Citeseer},
	Title = {Sensitivity to sampling in Bayesian word learning},
	Volume = {10},
	Year = {2007}}

@article{xu2008,
	Author = {Xu, F. and Garcia, V.},
	Date-Added = {2012-01-22 23:02:42 +0000},
	Date-Modified = {2012-01-22 23:02:42 +0000},
	Journal = {Proceedings of the National Academy of Sciences},
	Number = {13},
	Pages = {5012},
	Publisher = {National Acad Sciences},
	Title = {Intuitive statistics by 8-month-old infants},
	Volume = {105},
	Year = {2008}}

@article{xu2009,
	Author = {Xu, F. and Denison, S.},
	Date-Added = {2012-01-22 23:02:42 +0000},
	Date-Modified = {2012-01-22 23:02:42 +0000},
	Journal = {Cognition},
	Number = {1},
	Pages = {97--104},
	Publisher = {Elsevier},
	Title = {Statistical inference and sensitivity to sampling in 11-month-old infants},
	Volume = {112},
	Year = {2009}}

@article{yang2004,
	Author = {Yang, C.D.},
	Date-Added = {2012-01-22 23:02:42 +0000},
	Date-Modified = {2012-01-22 23:02:42 +0000},
	Journal = {Trends in Cognitive Sciences},
	Number = {10},
	Pages = {451--456},
	Publisher = {Elsevier},
	Title = {{Universal Grammar, statistics or both?}},
	Volume = {8},
	Year = {2004}}

@article{young1994,
	Author = {Young, SJ and Young, S.},
	Date-Added = {2012-01-22 23:02:42 +0000},
	Date-Modified = {2012-01-22 23:02:42 +0000},
	Journal = {Entropic Cambridge Research Laboratory, Ltd},
	Pages = {2--44},
	Publisher = {Citeseer},
	Title = {{The HTK hidden Markov model toolkit: Design and philosophy}},
	Volume = {2},
	Year = {1994}}

@article{yu2005,
	Author = {Yu, C. and Ballard, D.H. and Aslin, R.N.},
	Date-Added = {2012-01-22 23:02:42 +0000},
	Date-Modified = {2012-01-22 23:02:42 +0000},
	Journal = {Cognitive Science: A Multidisciplinary Journal},
	Number = {6},
	Pages = {961--1005},
	Publisher = {Psychology Press},
	Title = {The role of embodied intention in early lexical acquisition},
	Volume = {29},
	Year = {2005}}

@article{yu2007,
	Author = {Yu, C. and Ballard, D.H.},
	Date-Added = {2012-01-22 23:02:42 +0000},
	Date-Modified = {2012-01-22 23:02:42 +0000},
	Journal = {Neurocomputing},
	Pages = {2149--2165},
	Publisher = {Elsevier},
	Title = {A unified model of early word learning: Integrating statistical and social cues},
	Url = {http://linkinghub.elsevier.com/retrieve/pii/S092523120600508X},
	Volume = {70},
	Year = {2007},
	Bdsk-Url-1 = {http://linkinghub.elsevier.com/retrieve/pii/S092523120600508X}}

@article{yu2007b,
	Author = {Yu, C. and Smith, L.B.},
	Date-Added = {2012-01-22 23:02:42 +0000},
	Date-Modified = {2012-01-22 23:02:42 +0000},
	Journal = {Psychological Science},
	Number = {5},
	Pages = {414--420},
	Publisher = {Citeseer},
	Title = {Rapid word learning under uncertainty via cross-situational statistics},
	Volume = {18},
	Year = {2007}}

@inproceedings{yu2007c,
	Author = {Yu, C. and Smith, L.B. and Klein, K. and Shiffrin, R.M.},
	Booktitle = {Proceedings of the 29th Annual Meeting of Cognitive Science Society (CogSci 2007), Nashville, TN},
	Date-Added = {2012-01-22 23:02:42 +0000},
	Date-Modified = {2012-01-22 23:02:42 +0000},
	Organization = {Citeseer},
	Title = {Hypothesis testing and associative learning in cross-situational word learning: Are they one and the same},
	Year = {2007}}

@inproceedings{yu2011b,
	Author = {Yu, C. and Xu, J. and Zhu, X.},
	Booktitle = {{Proceedings of the 33nd Annual Meeting of the Cognitive Science Society}},
	Date-Added = {2012-01-22 23:02:42 +0000},
	Date-Modified = {2013-01-28 06:02:28 +0000},
	Title = {Word Learning through Sensorimotor Child-Parent Interaction: A Feature Selection Approach},
	Year = {2011}}

@inproceedings{yuen2009,
	Author = {Yuen, J. and Russell, B. and Liu, C. and Torralba, A.},
	Booktitle = {Computer Vision, 2009 IEEE 12th International Conference on},
	Date-Added = {2012-01-22 23:02:42 +0000},
	Date-Modified = {2012-01-22 23:02:42 +0000},
	Organization = {IEEE},
	Pages = {1451--1458},
	Title = {Labelme video: building a video database with human annotations},
	Year = {2009}}

@article{smith2011,
	Author = {Smith, L. B. and Yu, C. and Pereira, A. F.},
	Date-Added = {2012-01-22 23:02:42 +0000},
	Date-Modified = {2013-01-28 06:02:36 +0000},
	Journal = {Developmental Science},
	Pages = {9-17},
	Title = {Not your mother's view: The dynamics of toddler visual experience.},
	Volume = {14},
	Year = {2011}}

@inproceedings{yurovsky2008,
	Author = {Yurovsky, D. and Yu, C.},
	Booktitle = {{Proceedings of the 30th Annual Conference of the Cognitive Science Society}},
	Date-Added = {2012-01-22 23:02:42 +0000},
	Date-Modified = {2012-01-22 23:02:42 +0000},
	Pages = {715--720},
	Title = {Mutual exclusivity in cross-situational statistical learning},
	Year = {2008}}

@conference{zettlemoyer2005,
	Author = {Zettlemoyer, L.S. and Collins, M.},
	Booktitle = {Proc. of UAI},
	Date-Added = {2012-01-22 23:02:42 +0000},
	Date-Modified = {2012-01-22 23:02:42 +0000},
	Organization = {Citeseer},
	Title = {Learning to map sentences to logical form: Structured classification with probabilistic categorial grammars},
	Volume = {5},
	Year = {2005}}

@conference{zettlemoyer2007,
	Author = {Zettlemoyer, L.S. and Collins, M.},
	Booktitle = {Proceedings of the 2007 Joint Conference on Empirical Methods in Natural Language Processing and Computational Natural Language Learning (EMNLP-CoNLL)},
	Date-Added = {2012-01-22 23:02:42 +0000},
	Date-Modified = {2012-01-22 23:02:42 +0000},
	Organization = {Citeseer},
	Pages = {678--687},
	Title = {Online learning of relaxed CCG grammars for parsing to logical form},
	Year = {2007}}

@conference{zettlemoyer2009,
	Author = {Zettlemoyer, L.S. and Collins, M.},
	Booktitle = {Proceedings of the Joint Conference of the 47th Annual Meeting of the ACL and the 4th International Joint Conference on Natural Language Processing of the AFNLP: Volume 2-Volume 2},
	Date-Added = {2012-01-22 23:02:42 +0000},
	Date-Modified = {2012-01-22 23:02:42 +0000},
	Organization = {Association for Computational Linguistics},
	Pages = {976--984},
	Title = {Learning context-dependent mappings from sentences to logical form},
	Year = {2009}}
